<record><header><identifier>oai:alma.41SLSP_UGE:991000034949705502</identifier><datestamp>2024-09-21T00:24:51Z</datestamp><setSpec>UNIGE_ALL</setSpec></header><metadata>
<record xmlns="http://www.loc.gov/MARC21/slim" xmlns:xsi="http://www.w3.org/2001/XMLSchema-instance" xsi:schemaLocation="http://www.loc.gov/MARC21/slim http://www.loc.gov/standards/marcxml/schema/MARC21slim.xsd"><leader>01167nam a2200337 c 4500</leader><controlfield tag="001">991000034949705502</controlfield><controlfield tag="005">20240920211734.0</controlfield><controlfield tag="007">co |g|||||||||</controlfield><controlfield tag="008">201011t20132013fr      s     00| | mul  </controlfield><datafield ind1=" " ind2=" " tag="035"><subfield code="a">(swissbib)220910898-41slsp_network</subfield></datafield><datafield ind1=" " ind2=" " tag="035"><subfield code="a">220910898</subfield><subfield code="9">ExL</subfield></datafield><datafield ind1=" " ind2=" " tag="035"><subfield code="a">(IDSBB)006221587DSV01</subfield></datafield><datafield ind1=" " ind2=" " tag="035"><subfield code="a">(RERO)R007607870-41slsp</subfield></datafield><datafield ind1=" " ind2=" " tag="035"><subfield code="a">(EXLNZ-41SLSP_NETWORK)991118952439705501</subfield></datafield><datafield ind1=" " ind2=" " tag="040"><subfield code="a">SzZuIDS BS/BE A332</subfield><subfield code="e">kids</subfield><subfield code="d">CH-ZuSLS</subfield></datafield><datafield ind1="0" ind2=" " tag="041"><subfield code="a">eng</subfield><subfield code="a">fre</subfield><subfield code="a">ger</subfield><subfield code="a">ita</subfield></datafield><datafield ind1=" " ind2="7" tag="072"><subfield code="a">mu</subfield><subfield code="2">rero</subfield></datafield><datafield ind1="0" ind2="0" tag="245"><subfield code="a">Lyrics</subfield><subfield code="b">textes chantés</subfield></datafield><datafield ind1=" " ind2="1" tag="264"><subfield code="a">Arles</subfield><subfield code="b">Harmonia mundi</subfield><subfield code="c">[2013]</subfield></datafield><datafield ind1=" " ind2="4" tag="264"><subfield code="c">© 2013</subfield></datafield><datafield ind1=" " ind2=" " tag="300"><subfield code="a">1 CD-ROM</subfield></datafield><datafield ind1=" " ind2=" " tag="336"><subfield code="b">txt</subfield><subfield code="2">rdacontent</subfield></datafield><datafield ind1=" " ind2=" " tag="337"><subfield code="b">c</subfield><subfield code="2">rdamedia</subfield></datafield><datafield ind1=" " ind2=" " tag="338"><subfield code="b">cd</subfield><subfield code="2">rdacarrier</subfield></datafield><datafield ind1="1" ind2=" " tag="490"><subfield code="a">Opéra baroque</subfield></datafield><datafield ind1=" " ind2=" " tag="500"><subfield code="a">PDF-Datei mit allen Texten der Opern der Reihe 'Opéra baroque' in Originalsprache + englischer Übersetzung.</subfield></datafield><datafield ind1=" " ind2=" " tag="500"><subfield code="a">Uniquement textes au format .pdf</subfield></datafield><datafield ind1="0" ind2=" " tag="505"><subfield code="a">Textes chantés des oeuvres du coffret Opéra Baroque, accompagnés de leurs traductions françaises</subfield></datafield><datafield ind1=" " ind2=" " tag="538"><subfield code="a">Systemvoraussetzungen: Windows, Mac</subfield></datafield><datafield ind1=" " ind2="7" tag="655"><subfield code="a">CD-ROM</subfield><subfield code="2">gnd-carrier</subfield></datafield><datafield ind1=" " ind2=" " tag="830"><subfield code="a">Opéra baroque</subfield><subfield code="w">(IDSBB)006219497DSV01</subfield></datafield><datafield ind1=" " ind2=" " tag="900"><subfield code="a">REROnoselfmerge</subfield></datafield></record>
</metadata></record>