<record><header><identifier>oai:alma.41SLSP_UGE:991000035369705502</identifier><datestamp>2024-03-09T01:35:11Z</datestamp><setSpec>uge_bcen_RapidILL_BOOK</setSpec><setSpec>uge_aaca_RapidILL_BOOK</setSpec><setSpec>uge_abels_RapidILL_BOOK</setSpec><setSpec>uge_dbu_RapidILL_BOOK</setSpec><setSpec>uge_cmu_RapidILL_BOOK</setSpec><setSpec>uge_mail_RapidILL_BOOK</setSpec><setSpec>uge_abbat_RapidILL_BOOK</setSpec><setSpec>UNIGE_ALL</setSpec><setSpec>uge_acar_RapidILL_BOOK</setSpec><setSpec>uge_aobs_RapidILL_BOOK</setSpec></header><metadata>
<record xmlns="http://www.loc.gov/MARC21/slim" xmlns:xsi="http://www.w3.org/2001/XMLSchema-instance" xsi:schemaLocation="http://www.loc.gov/MARC21/slim http://www.loc.gov/standards/marcxml/schema/MARC21slim.xsd"><leader>07783nam a2200805 c 4500</leader><controlfield tag="001">991000035369705502</controlfield><controlfield tag="005">20240308233519.0</controlfield><controlfield tag="008">201011s2002    sz       l    00| | ger  </controlfield><datafield ind1=" " ind2=" " tag="020"><subfield code="a">3856211659</subfield><subfield code="c">CHF 112.00</subfield></datafield><datafield ind1=" " ind2=" " tag="035"><subfield code="a">(swissbib)215646703-41slsp_network</subfield></datafield><datafield ind1=" " ind2=" " tag="035"><subfield code="a">215646703</subfield><subfield code="9">ExL</subfield></datafield><datafield ind1=" " ind2=" " tag="035"><subfield code="a">(IDSSG)000249675HSB01</subfield></datafield><datafield ind1=" " ind2=" " tag="035"><subfield code="a">(IDSLU)000238009ILU01</subfield></datafield><datafield ind1=" " ind2=" " tag="035"><subfield code="a">(RERO)R003193013-41slsp</subfield></datafield><datafield ind1=" " ind2=" " tag="035"><subfield code="a">(NEBIS)004292748EBI01</subfield></datafield><datafield ind1=" " ind2=" " tag="035"><subfield code="a">(IDSBB)002503586DSV01</subfield></datafield><datafield ind1=" " ind2=" " tag="035"><subfield code="a">(ABN)000308503ABN01</subfield></datafield><datafield ind1=" " ind2=" " tag="035"><subfield code="a">(ALEX)bv079809160</subfield></datafield><datafield ind1=" " ind2=" " tag="035"><subfield code="a">(EXLNZ-41SLSP_NETWORK)991030711089705501</subfield></datafield><datafield ind1=" " ind2=" " tag="040"><subfield code="a">SzZuIDS NEBIS UNI-RWI</subfield><subfield code="b">ger</subfield><subfield code="e">kids</subfield><subfield code="d">CH-ZuSLS</subfield></datafield><datafield ind1=" " ind2=" " tag="044"><subfield code="a">sz</subfield><subfield code="c">ch-be</subfield></datafield><datafield ind1=" " ind2="7" tag="072"><subfield code="a">820</subfield><subfield code="2">IDS LU</subfield></datafield><datafield ind1=" " ind2="7" tag="072"><subfield code="a">dr</subfield><subfield code="2">rero</subfield></datafield><datafield ind1=" " ind2="7" tag="072"><subfield code="a">rw</subfield><subfield code="2">SzZuIDS BS/BE</subfield></datafield><datafield ind1="1" ind2="4" tag="082"><subfield code="a">340</subfield><subfield code="2">15</subfield></datafield><datafield ind1=" " ind2=" " tag="084"><subfield code="a">CA/CH-BE 54.1 b</subfield><subfield code="2">cjurrom</subfield></datafield><datafield ind1=" " ind2=" " tag="084"><subfield code="a">CA/CH-BE 54.1 g</subfield><subfield code="2">cjurrom</subfield></datafield><datafield ind1="1" ind2=" " tag="100"><subfield code="a">Langenegger, Markus</subfield><subfield code="0">(RERO)A003494676</subfield><subfield code="4">cre</subfield></datafield><datafield ind1="1" ind2="0" tag="245"><subfield code="a">Handbuch zur bernischen Grundstückgewinnsteuer 2001</subfield><subfield code="c">Markus Langenegger</subfield></datafield><datafield ind1=" " ind2="1" tag="264"><subfield code="a">Muri/Bern</subfield><subfield code="b">Cosmos</subfield><subfield code="c">[2002]</subfield></datafield><datafield ind1=" " ind2="4" tag="264"><subfield code="c">© 2002</subfield></datafield><datafield ind1=" " ind2=" " tag="300"><subfield code="a">422 S.</subfield><subfield code="b">Ill.</subfield><subfield code="c">23 cm</subfield></datafield><datafield ind1=" " ind2=" " tag="336"><subfield code="b">txt</subfield><subfield code="2">rdacontent</subfield></datafield><datafield ind1=" " ind2=" " tag="337"><subfield code="b">n</subfield><subfield code="2">rdamedia</subfield></datafield><datafield ind1=" " ind2=" " tag="338"><subfield code="b">nc</subfield><subfield code="2">rdacarrier</subfield></datafield><datafield ind1=" " ind2=" " tag="500"><subfield code="a">Enthält auch entsprechende Artikel- und Verordnungstexte</subfield></datafield><datafield ind1=" " ind2=" " tag="504"><subfield code="a">Bibliogr.</subfield></datafield><datafield ind1=" " ind2="7" tag="650"><subfield code="a">Bodenwertzuwachssteuer</subfield><subfield code="0">(DE-588)4146178-2</subfield><subfield code="2">gnd</subfield></datafield><datafield ind1=" " ind2="7" tag="650"><subfield code="a">Steuerrecht</subfield><subfield code="0">(DE-588)4116614-0</subfield><subfield code="2">gnd</subfield></datafield><datafield ind1=" " ind2="7" tag="650"><subfield code="a">Grundstückgewinnsteuer</subfield><subfield code="9">ger</subfield><subfield code="0">(RERO)jurivoc000010497ger</subfield><subfield code="2">jurivoc</subfield></datafield><datafield ind1=" " ind2="7" tag="650"><subfield code="a">kantonales Recht</subfield><subfield code="9">ger</subfield><subfield code="0">(RERO)jurivoc000012405ger</subfield><subfield code="2">jurivoc</subfield></datafield><datafield ind1=" " ind2="7" tag="650"><subfield code="a">kantonales Steuergesetz</subfield><subfield code="9">ger</subfield><subfield code="0">(RERO)jurivoc000012407ger</subfield><subfield code="2">jurivoc</subfield></datafield><datafield ind1=" " ind2="7" tag="650"><subfield code="a">impôt sur les gains immobiliers</subfield><subfield code="0">(RERO)A009998269</subfield><subfield code="2">rerovoc</subfield></datafield><datafield ind1=" " ind2="7" tag="650"><subfield code="a">Droit fiscal</subfield><subfield code="0">(IDREF)02746718X</subfield><subfield code="2">idref</subfield></datafield><datafield ind1=" " ind2="7" tag="650"><subfield code="a">Bodenwertzuwachssteuer</subfield><subfield code="2">idszbz</subfield></datafield><datafield ind1=" " ind2="7" tag="650"><subfield code="a">Grundstückgewinnsteuer</subfield><subfield code="z">Bern (Kanton)</subfield><subfield code="2">idsbb</subfield></datafield><datafield ind1=" " ind2="7" tag="651"><subfield code="a">Kanton Bern</subfield><subfield code="0">(DE-588)4005765-3</subfield><subfield code="2">gnd</subfield></datafield><datafield ind1=" " ind2="7" tag="651"><subfield code="a">Schweiz</subfield><subfield code="9">ger</subfield><subfield code="0">(RERO)jurivoc000019912ger</subfield><subfield code="2">jurivoc</subfield></datafield><datafield ind1=" " ind2="7" tag="651"><subfield code="a">Bern(Kanton)</subfield><subfield code="9">ger</subfield><subfield code="0">(RERO)jurivoc000003287ger</subfield><subfield code="2">jurivoc</subfield></datafield><datafield ind1=" " ind2="7" tag="651"><subfield code="a">Berne (Suisse ; canton)</subfield><subfield code="0">(IDREF)027849414</subfield><subfield code="2">idref</subfield></datafield><datafield ind1=" " ind2="7" tag="651"><subfield code="a">Bern (Kanton)</subfield><subfield code="2">idszbz</subfield></datafield><datafield ind1=" " ind2="7" tag="651"><subfield code="a">Schweiz</subfield><subfield code="2">idszbz</subfield></datafield><datafield ind1=" " ind2="7" tag="655"><subfield code="a">Kommentar</subfield><subfield code="2">gnd-content</subfield></datafield><datafield ind1=" " ind2="7" tag="655"><subfield code="a">Textreproduktion</subfield><subfield code="9">ger</subfield><subfield code="2">jurivoc</subfield><subfield code="0">(RERO)jurivoc000022433ger</subfield></datafield><datafield ind1=" " ind2="7" tag="655"><subfield code="a">Kommentar(Werk)</subfield><subfield code="9">ger</subfield><subfield code="2">jurivoc</subfield><subfield code="0">(RERO)jurivoc000013038ger</subfield></datafield><datafield ind1=" " ind2="7" tag="655"><subfield code="a">Handbuch</subfield><subfield code="2">idszbz</subfield></datafield><datafield ind1=" " ind2=" " tag="690"><subfield code="a">Einkommensteuer; verdeckte Gewinnausschüttung; Wohneigentum; Steuertarif; Beschaffungswesen; Unternehmen; Umwandlung; Berechnung; Grundstück; Kosten; Wechsel; Erlass; Garantiegesetz; Gesetzgebung; Schenkung; Hypothek; Zivilprozessrecht; Übernahme</subfield><subfield code="2">idssg-J</subfield></datafield><datafield ind1=" " ind2=" " tag="690"><subfield code="a">Steueraufschub; Geschäftsvermögen; Gewinnberechnung; Eigentumswechsel; Handänderung; Personenunternehmung; Objektsteuer; Rohgewinn; Landumlegung; Einzelunternehmung; Abtretungspreis; Bauprojektkosten; Planungskosten; Spezialeinkommenssteuer; Unkostenpauschale; Immobilien-Finanzierungs-Leasing; Liegenschaftshandel; Steuerfolgen; Steuerjustizentscheid; Veranlagungsverjährung; Steuererlass; Subjektwechsel; Betriebsverlustanrechnung; Bezugsverjährung; Eigentumsbeschränkung; Eigentumsübertragung; Erlösberechnung; Gleichbehandlung; Grundstückanteil; Kurzdeklaration; Mehrheitsbeteiligung; Naturalleistung; Personalunternehmung; Spezialgesetzgebung; Steuererklärung; Teilverkauf; Unternehmungsteilung; Verkehrsunternehmung; Veräußerungshandlung; Vorsorgeeinrichtung; Wertzerlegung; Zustimmungserklärung; Anwendungsbeispiel; Beteiligungsrecht; Bezugsverordnung; Ersatzbeschaffungstheorie; Gewinnanspruch; Grundstückgewinnsteuertarif; Individualbesteuerung; Kaufrecht; Kongruenzprinzip; Pfandrechtsverfahren; Planungsmehrwertabschöpfung; Reinvestitionstheorie; Sonderfall; Steuergrundpfandrecht; Steuerharmonisierungsgesetz; Verjährungsregel; Wertzerlegungsmethode; Wohnrechtsvorbehalt; Brandfall; Erlösbestimmung; Geschäftsbetrieb; Grundstückverlust; Mieter-Aktiengesellschaft; Steuerbezug; Übergangsbestimmung; Abkürzungsverzeichnis; Anrechnungswert; Ausschlussgrund; Besteuerungssystem; Beteiligungsverhältnis; Betriebsnotwendigkeit; Einwohnergemeinde; Entscheidungsgrundlage; Erbgang; Erlassgrund; Erlassmöglichkeit; Erlösbestandteil; Ersatzobjekt; Ersatzwert; Erwerbspreisberechnung; Gesetzesgrundlage; Grundbucheintrag; Grundeigentümerbeitrag; Kettengeschäft; Kirchgemeinde; Konkordanztabelle; Liegenschaftshändler; Literaturverzeichnis; Merkblatt; Personengesamtheit; Rechtspersönlichkeit; Sachregister; Sicherstellungsmöglichkeit; Sperrfrist; Steueraufschubstatbestand; Steuerfolge</subfield><subfield code="2">idssg-J</subfield></datafield><datafield ind1=" " ind2=" " tag="690"><subfield code="a">; Steuerpflicht; Steuerregister; Subjektidentität; Teilweiser; Umwandlungsart; Verfugungsadressat; Verjährungsfrist</subfield><subfield code="2">idssg-J</subfield></datafield><datafield ind1=" " ind2=" " tag="690"><subfield code="a">gesetzlicher Gewinnanspruch; reglementarischer Grundeigentümerbeitrag; absolute Verjährungsfrist; allgemeine Bemerkung; altrechtlicher Fall; andere Personenunternehmung; angemessene Frist; anrechenbare Aufwendung; ausserkantonaler Liegenschaftshändler; bernische Grundstückgewinnsteuer; beschränkte Belastung; besteuerter Rohgewinn; betriebsnotwendiges Anlagevermögen; buchmäßige Abwicklung; einheitliche Beurteilung; entgeltliche Übertragung; erbrachte Eigenleistung; erfolgsneutrale Übertragung; früher Steueraufschubstatbestand; fünfjährige Sperrfrist; gelegene Sache; gemischtes Rechtsgeschäft; gesetzliche Gewinnbeteiligung; gesetzliches Grundpfandrecht; gestaffelter Erwerb; gewerbsmäßiger Handel; gewerbsmäßiger Liegenschaftshandel; interkantonales Steuerrecht; juristische Person; konzessionierte Verkehrsunternehmung; landwirtschaftliches Grundstück; latente Steuer; maßgebender Buchwert; maßgebender Grundbucheintrag; neue Verjährungsregel; periodische Steuer; planungsbedingt Mehrwerte; privatrechtliche Dienstbarkeit; privatrechtliche Eigentumsbeschränkung; provisorischer Steuerbezug; schweizerische Bundesbahn; schweizerische Post; selbstgenutztes Wohneigentum; stille Reserve; unbebautes Land; unentgeltlicher Erwerb; unentgeltliche Handänderung; unterpreisliche Einbringung; unterschiedlicher Wert; verbundene Auslage; verschiedene Umwandlungsart; vertragliche Abschöpfung; vertraglicher Gewinnanspruch; vertragliche Gewinnbeteiligung; vertraglicher Grundeigentümerbeitrag; verurkundeter Preis; weggefallene Erlassmöglichkeit; wertvermehrende Aufwendung; wiedereingebrachte Abschreibung; wiederkehrende Leistung; wirtschaftliche Handänderung; zeitliche Voraussetzung; zusätzlicher Erlösbestandteil; örtliche Voraussetzung; überbautes Grundstück; übriges Geschäftsvermögen; übriges Unternehmen</subfield><subfield code="2">idssg-J</subfield></datafield><datafield ind1=" " ind2=" " tag="690"><subfield code="a">Schweiz C4EXSI; Deutschland C4EUGE</subfield><subfield code="2">idssg-J</subfield></datafield><datafield ind1=" " ind2=" " tag="690"><subfield code="a">altrechtlich Fälle Art.; Art. Abs. Bst; Ersatzbeschaffung Landwirtschaft Landumlegung Art.; Ersatzbeschaffung Landwirtschaft Landumlegungen; Ersatzbeschaffung Privatvermögen Eigentumswechsel; Geschäftsvermögen Umstrukturierungen Art.; Markus Langenegger; unentgeltlich Handänderungen Art.; Verjährung Art. Art.; wertvermehrend Aufwendungen Unterhalt</subfield><subfield code="2">idssg-J</subfield></datafield><datafield ind1=" " ind2=" " tag="690"><subfield code="e">PO</subfield><subfield code="a">Einkommen- und Vermögensteuern, Ertrag- und Kapitalsteuern : Vermögens- und Grundstückgewinnsteuern</subfield><subfield code="2">hsg-iff</subfield></datafield><datafield ind1=" " ind2=" " tag="690"><subfield code="a">Steuerwesen, 20. Jh., Grundstückgewinnsteuer</subfield><subfield code="2">ube-BE</subfield></datafield><datafield ind1=" " ind2=" " tag="691"><subfield code="e">PC 54.1 CH-BE</subfield><subfield code="2">rzs-L1</subfield></datafield><datafield ind1=" " ind2=" " tag="691"><subfield code="e">2.7.3.2</subfield><subfield code="2">ube-GA</subfield></datafield><datafield ind1="2" ind2=" " tag="710"><subfield code="a">Kanton Bern</subfield><subfield code="0">(DE-588)4005765-3</subfield></datafield><datafield ind1="4" ind2=" " tag="856"><subfield code="u">https://tools.unisg.ch/url/hm00053138</subfield><subfield code="z">Inhaltsverzeichnis</subfield></datafield><datafield ind1=" " ind2=" " tag="900"><subfield code="a">IDSE5E51ANH-2007</subfield></datafield><datafield ind1=" " ind2=" " tag="900"><subfield code="a">IDSZ2rwimon200205e</subfield><subfield code="c">IDSZ2buche 020530</subfield><subfield code="d">IDSZ2rwiswk200206b</subfield><subfield code="e">IDSZ2meim</subfield></datafield><datafield ind1=" " ind2=" " tag="949"><subfield code="a">https://tools.unisg.ch/url/hm00053138</subfield></datafield></record>
</metadata></record>