<record><header><identifier>oai:alma.41SLSP_UGE:991000035359705502</identifier><datestamp>2023-03-01T01:08:47Z</datestamp><setSpec>uge_bcen_RapidILL_BOOK</setSpec><setSpec>uge_aaca_RapidILL_BOOK</setSpec><setSpec>uge_abels_RapidILL_BOOK</setSpec><setSpec>uge_dbu_RapidILL_BOOK</setSpec><setSpec>uge_cmu_RapidILL_BOOK</setSpec><setSpec>uge_mail_RapidILL_BOOK</setSpec><setSpec>UNIGE_ALL</setSpec><setSpec>uge_abbat_RapidILL_BOOK</setSpec><setSpec>uge_aobs_RapidILL_BOOK</setSpec><setSpec>uge_acar_RapidILL_BOOK</setSpec></header><metadata>
<record xmlns="http://www.loc.gov/MARC21/slim" xmlns:xsi="http://www.w3.org/2001/XMLSchema-instance" xsi:schemaLocation="http://www.loc.gov/MARC21/slim http://www.loc.gov/standards/marcxml/schema/MARC21slim.xsd"><leader>01209naa a22002657c 4500</leader><controlfield tag="001">991000035359705502</controlfield><controlfield tag="005">20201225161033.0</controlfield><controlfield tag="008">960525s1943    sz ||||| |||| 00| ||fre d</controlfield><datafield ind1=" " ind2=" " tag="035"><subfield code="a">(swissbib)07820111X-41slsp_network</subfield></datafield><datafield ind1=" " ind2=" " tag="035"><subfield code="a">07820111X</subfield><subfield code="9">ExL</subfield></datafield><datafield ind1=" " ind2=" " tag="035"><subfield code="a">(RERO)0307494-41slsp</subfield></datafield><datafield ind1=" " ind2=" " tag="035"><subfield code="a">(EXLNZ-41SLSP_NETWORK)991028391649705501</subfield></datafield><datafield ind1=" " ind2=" " tag="040"><subfield code="a">RERO</subfield><subfield code="d">CH-ZuSLS</subfield></datafield><datafield ind1=" " ind2=" " tag="044"><subfield code="a">sz</subfield><subfield code="c">ch-vd</subfield></datafield><datafield ind1=" " ind2="7" tag="072"><subfield code="a">go</subfield><subfield code="2">rero</subfield></datafield><datafield ind1=" " ind2="7" tag="072"><subfield code="a">bo</subfield><subfield code="2">rero</subfield></datafield><datafield ind1="1" ind2=" " tag="100"><subfield code="a">Engel, André</subfield><subfield code="0">(RERO)A003217173</subfield><subfield code="4">cre</subfield></datafield><datafield ind1="1" ind2="0" tag="245"><subfield code="a">Mécanisme et historique des migrations forestières de l'époque tertiaire à nos jours</subfield><subfield code="c">André Engel ; avec une note sur les conditions géographiques et climatiques aux époques tertiaires et quaternaires par Elie Gagnebin</subfield></datafield><datafield ind1=" " ind2=" " tag="336"><subfield code="b">txt</subfield><subfield code="2">rdacontent</subfield></datafield><datafield ind1=" " ind2=" " tag="337"><subfield code="b">n</subfield><subfield code="2">rdamedia</subfield></datafield><datafield ind1=" " ind2=" " tag="338"><subfield code="b">nc</subfield><subfield code="2">rdacarrier</subfield></datafield><datafield ind1=" " ind2=" " tag="580"><subfield code="a">In : Mémoires de la Société vaudoise des sciences naturelles. - Lausanne. - Vol. 7(1943) n. 49, p. 168-218</subfield></datafield><datafield ind1="1" ind2="2" tag="700"><subfield code="a">Gagnebin, Elie</subfield><subfield code="d">1891-1949</subfield><subfield code="t">Note sur les conditions géographiques et climatiques aux époques tertiaires et quaternaires</subfield></datafield><datafield ind1="1" ind2=" " tag="700"><subfield code="a">Gagnebin, Elie</subfield><subfield code="d">1891-1949</subfield></datafield><datafield ind1="0" ind2=" " tag="773"><subfield code="t">Mémoires de la Société vaudoise des sciences naturelles</subfield><subfield code="g">1943/7/49/168</subfield><subfield code="g">yr:1943</subfield><subfield code="w">(RERO)0102235-41slsp</subfield></datafield><datafield ind1=" " ind2=" " tag="900"><subfield code="a">REROnoselfmerge</subfield></datafield></record>
</metadata></record>