<record><header><identifier>oai:alma.41SLSP_UGE:991000035779705502</identifier><datestamp>2024-03-08T01:30:36Z</datestamp><setSpec>UNIGE_ALL</setSpec></header><metadata>
<record xmlns="http://www.loc.gov/MARC21/slim" xmlns:xsi="http://www.w3.org/2001/XMLSchema-instance" xsi:schemaLocation="http://www.loc.gov/MARC21/slim http://www.loc.gov/standards/marcxml/schema/MARC21slim.xsd"><leader>02475ngm a2200493 c 4500</leader><controlfield tag="001">991000035779705502</controlfield><controlfield tag="005">20240307230343.0</controlfield><controlfield tag="007">vd#|v||||</controlfield><controlfield tag="008">160414s2016    sz ||| |          v|eng d</controlfield><datafield ind1="3" ind2=" " tag="024"><subfield code="a">8712626995739</subfield></datafield><datafield ind1="4" ind2="2" tag="028"><subfield code="a">699 573</subfield></datafield><datafield ind1=" " ind2=" " tag="035"><subfield code="a">(swissbib)122808304-41slsp_network</subfield></datafield><datafield ind1=" " ind2=" " tag="035"><subfield code="a">122808304</subfield><subfield code="9">ExL</subfield></datafield><datafield ind1=" " ind2=" " tag="035"><subfield code="a">(RERO)R008408390-41slsp</subfield></datafield><datafield ind1=" " ind2=" " tag="035"><subfield code="a">(ABN)000793534ABN01</subfield></datafield><datafield ind1=" " ind2=" " tag="035"><subfield code="a">(EXLNZ-41SLSP_NETWORK)991073045269705501</subfield></datafield><datafield ind1=" " ind2=" " tag="040"><subfield code="a">RERO geumem</subfield><subfield code="d">CH-ZuSLS</subfield></datafield><datafield ind1="1" ind2=" " tag="041"><subfield code="a">eng</subfield><subfield code="a">fre</subfield><subfield code="a">ger</subfield><subfield code="h">eng</subfield></datafield><datafield ind1=" " ind2="7" tag="072"><subfield code="a">ba</subfield><subfield code="2">rero</subfield></datafield><datafield ind1="1" ind2=" " tag="080"><subfield code="a">DVDFL</subfield></datafield><datafield ind1="0" ind2="0" tag="245"><subfield code="a">Carol</subfield><subfield code="c">un film de Todd Haynes ; [scénario de Phyllis Nagy, d'après &quot;The Price of Salt&quot; de Patricia Highsmith] ; [musique de Carter Burwell] ; [prod. par Elizabeth Karlsen]</subfield></datafield><datafield ind1=" " ind2="1" tag="264"><subfield code="a">[Zürich]</subfield><subfield code="b">Twentieth Century Fox</subfield><subfield code="c">2016</subfield></datafield><datafield ind1=" " ind2=" " tag="300"><subfield code="a">1 DVD vidéo</subfield></datafield><datafield ind1=" " ind2=" " tag="336"><subfield code="b">tdi</subfield><subfield code="2">rdacontent</subfield></datafield><datafield ind1=" " ind2=" " tag="337"><subfield code="b">v</subfield><subfield code="2">rdamedia</subfield></datafield><datafield ind1=" " ind2=" " tag="338"><subfield code="b">vd</subfield><subfield code="2">rdacarrier</subfield></datafield><datafield ind1=" " ind2=" " tag="385"><subfield code="a">Dès 14 ans</subfield><subfield code="2">rero</subfield></datafield><datafield ind1=" " ind2=" " tag="500"><subfield code="a">Une prod.: Number 9 Films Limited - Channel Four Television Corp., cop. 2016</subfield></datafield><datafield ind1=" " ind2=" " tag="500"><subfield code="a">Choix de langues: Anglais, français, allemand. Sous-titres: Français, allemand</subfield></datafield><datafield ind1=" " ind2=" " tag="500"><subfield code="a">Format écran 16/9 (zone 2)</subfield></datafield><datafield ind1=" " ind2=" " tag="500"><subfield code="a">Durée du film: ca. 114 min.</subfield></datafield><datafield ind1="0" ind2=" " tag="505"><subfield code="a">Bonus: Film-annonce</subfield></datafield><datafield ind1=" " ind2=" " tag="508"><subfield code="a">Dir. de la photogr. Edward Lachman ; montage Affonso Goncalves ; dir. artistique Judy Becker ; décors Jesse Rosenthal ; costumes Sandy Powell</subfield></datafield><datafield ind1="0" ind2=" " tag="511"><subfield code="a">Cate Blanchett ; Rooney Mara ; Sarah Paulson ; Jake Lacy ; John Magaro ; Corey Michael Smith ; Kyle Chandler ... et al.</subfield></datafield><datafield ind1="8" ind2=" " tag="520"><subfield code="a">&quot;A New York dans les années 1950, Thérèse, jeune employée d'un grand magasin de Manhattan, fait la connaissance d'une cliente distinguée, Carol, femme séduisante, prisonnière d'un mariage peu heureux. À l'étincelle de la première rencontre succède rapidement un sentiment plus profond. Les deux femmes se retrouvent bientôt prises au piège entre les conventions et leur attirance mutuelle.&quot;</subfield><subfield code="5">RERO/gefili/05.2016</subfield></datafield><datafield ind1="8" ind2=" " tag="520"><subfield code="a">Drame</subfield><subfield code="5">RERO/vsbcce/05.2016</subfield></datafield><datafield ind1="8" ind2=" " tag="520"><subfield code="a">Romance</subfield><subfield code="5">RERO/vsbcvs/05.2016</subfield></datafield><datafield ind1=" " ind2="7" tag="655"><subfield code="a">DVD</subfield><subfield code="0">(IDREF)035108444</subfield><subfield code="2">idref</subfield></datafield><datafield ind1=" " ind2="7" tag="655"><subfield code="a">Films de fiction</subfield><subfield code="0">(IDREF)14779644X</subfield><subfield code="2">idref</subfield></datafield><datafield ind1=" " ind2="7" tag="655"><subfield code="a">DVD-Video</subfield><subfield code="2">gnd-carrier</subfield></datafield><datafield ind1="1" ind2=" " tag="700"><subfield code="a">Haynes, Todd</subfield><subfield code="d">1961-....</subfield><subfield code="0">(IDREF)119357097</subfield></datafield><datafield ind1="1" ind2=" " tag="700"><subfield code="a">Nagy, Phyllis</subfield><subfield code="d">1962-....</subfield><subfield code="0">(IDREF)132472643</subfield></datafield><datafield ind1="1" ind2=" " tag="700"><subfield code="a">Burwell, Carter</subfield><subfield code="d">1954-....</subfield><subfield code="0">(IDREF)051639432</subfield></datafield><datafield ind1="1" ind2=" " tag="700"><subfield code="a">Karlsen, Elisabeth</subfield><subfield code="0">(IDREF)242198759</subfield></datafield><datafield ind1="1" ind2=" " tag="700"><subfield code="a">Highsmith, Patricia</subfield><subfield code="d">1921-1995</subfield><subfield code="0">(IDREF)026921979</subfield></datafield></record>
</metadata></record>