<record><header><identifier>oai:alma.41SLSP_UGE:991000035169705502</identifier><datestamp>2023-04-11T00:13:16Z</datestamp><setSpec>uge_bcen_RapidILL_BOOK</setSpec><setSpec>uge_aaca_RapidILL_BOOK</setSpec><setSpec>uge_abels_RapidILL_BOOK</setSpec><setSpec>uge_dbu_RapidILL_BOOK</setSpec><setSpec>uge_cmu_RapidILL_BOOK</setSpec><setSpec>uge_mail_RapidILL_BOOK</setSpec><setSpec>uge_abbat_RapidILL_BOOK</setSpec><setSpec>UNIGE_ALL</setSpec><setSpec>uge_acar_RapidILL_BOOK</setSpec><setSpec>uge_aobs_RapidILL_BOOK</setSpec></header><metadata>
<record xmlns="http://www.loc.gov/MARC21/slim" xmlns:xsi="http://www.w3.org/2001/XMLSchema-instance" xsi:schemaLocation="http://www.loc.gov/MARC21/slim http://www.loc.gov/standards/marcxml/schema/MARC21slim.xsd"><leader>02187nam a2200541 c 4500</leader><controlfield tag="001">991000035169705502</controlfield><controlfield tag="005">20230410183105.0</controlfield><controlfield tag="008">201011s1961    be ||||| |||| 00| ||fre d</controlfield><datafield ind1=" " ind2=" " tag="035"><subfield code="a">(swissbib)224796216-41slsp_network</subfield></datafield><datafield ind1=" " ind2=" " tag="035"><subfield code="a">224796216</subfield><subfield code="9">ExL</subfield></datafield><datafield ind1=" " ind2=" " tag="035"><subfield code="a">(RERO)1610403-41slsp</subfield></datafield><datafield ind1=" " ind2=" " tag="035"><subfield code="a">(NEBIS)006207144EBI01</subfield></datafield><datafield ind1=" " ind2=" " tag="035"><subfield code="a">(IDSLU)000218725ILU01</subfield></datafield><datafield ind1=" " ind2=" " tag="035"><subfield code="a">(EXLNZ-41SLSP_NETWORK)991053176099705501</subfield></datafield><datafield ind1=" " ind2=" " tag="040"><subfield code="a">RERO neubfl</subfield><subfield code="d">CH-ZuSLS</subfield></datafield><datafield ind1=" " ind2="7" tag="072"><subfield code="a">ph</subfield><subfield code="2">rero</subfield></datafield><datafield ind1=" " ind2="7" tag="072"><subfield code="a">th</subfield><subfield code="2">rero</subfield></datafield><datafield ind1="0" ind2="4" tag="082"><subfield code="a">189.4</subfield><subfield code="b">T45 Z9F13p</subfield></datafield><datafield ind1="1" ind2="4" tag="082"><subfield code="a">189.4</subfield><subfield code="2">21</subfield></datafield><datafield ind1="1" ind2=" " tag="100"><subfield code="a">Fabro, Cornelio</subfield><subfield code="0">(RERO)A003228391</subfield><subfield code="4">cre</subfield></datafield><datafield ind1="1" ind2="0" tag="245"><subfield code="a">Participation et causalité selon S. Thomas d'Aquin</subfield><subfield code="c">Cornelio Fabro ; préf. de L. De Raeymaeker</subfield></datafield><datafield ind1=" " ind2="1" tag="264"><subfield code="a">Louvain</subfield><subfield code="b">Publications universitaires de Louvain</subfield><subfield code="a">Paris</subfield><subfield code="b">Béatric-Nauwelaerts</subfield><subfield code="c">1961</subfield></datafield><datafield ind1=" " ind2=" " tag="300"><subfield code="a">650 p.</subfield><subfield code="c">26 cm</subfield></datafield><datafield ind1=" " ind2=" " tag="336"><subfield code="b">txt</subfield><subfield code="2">rdacontent</subfield></datafield><datafield ind1=" " ind2=" " tag="337"><subfield code="b">n</subfield><subfield code="2">rdamedia</subfield></datafield><datafield ind1=" " ind2=" " tag="338"><subfield code="b">nc</subfield><subfield code="2">rdacarrier</subfield></datafield><datafield ind1="1" ind2=" " tag="490"><subfield code="a">Chaire Cardinal Mercier</subfield><subfield code="v">2</subfield></datafield><datafield ind1=" " ind2=" " tag="500"><subfield code="a">Aus dem Ital. übers.</subfield></datafield><datafield ind1=" " ind2=" " tag="500"><subfield code="a">Originaltitel: Partecipazione e causalità secondo S. Tommaso d'Aquino</subfield></datafield><datafield ind1="0" ind2="7" tag="600"><subfield code="a">Thomas d'Aquin</subfield><subfield code="c">saint</subfield><subfield code="d">1225?-1274</subfield><subfield code="0">(IDREF)027161129</subfield><subfield code="2">idref</subfield></datafield><datafield ind1="0" ind2="0" tag="600"><subfield code="a">Thomas</subfield><subfield code="c">Aquinas, Saint</subfield><subfield code="d">1225?-1274</subfield></datafield><datafield ind1="0" ind2="6" tag="600"><subfield code="a">Thomas</subfield><subfield code="c">d'Aquin, saint</subfield><subfield code="d">1225?-1274</subfield><subfield code="x">Et l'ontologie</subfield></datafield><datafield ind1="0" ind2="6" tag="600"><subfield code="a">Thomas</subfield><subfield code="c">d'Aquin, saint</subfield><subfield code="d">1225?-1274</subfield><subfield code="x">Et la participation</subfield></datafield><datafield ind1="0" ind2="6" tag="600"><subfield code="a">Thomas</subfield><subfield code="c">d'Aquin, saint</subfield><subfield code="d">1225?-1274</subfield><subfield code="x">Et la causalité</subfield></datafield><datafield ind1=" " ind2="7" tag="650"><subfield code="a">Causalité</subfield><subfield code="0">(IDREF)027489566</subfield><subfield code="2">idref</subfield></datafield><datafield ind1=" " ind2="7" tag="650"><subfield code="a">Participation (philosophie)</subfield><subfield code="0">(IDREF)027831558</subfield><subfield code="2">idref</subfield></datafield><datafield ind1=" " ind2="6" tag="650"><subfield code="a">Participation (Philosophie)</subfield></datafield><datafield ind1=" " ind2="6" tag="650"><subfield code="a">Causalité</subfield></datafield><datafield ind1=" " ind2="6" tag="650"><subfield code="a">Ontologie</subfield></datafield><datafield ind1=" " ind2=" " tag="690"><subfield code="a">Kausalität / Biographisches</subfield><subfield code="2">uzb-Z9</subfield></datafield><datafield ind1=" " ind2=" " tag="690"><subfield code="a">Metaphysik / Biographisches / Einzelnes / Thomas (von Aquin)</subfield><subfield code="2">uzb-Z9</subfield></datafield><datafield ind1=" " ind2=" " tag="690"><subfield code="a">Thomas (von Aquin) / Philosophie / Einzelnes</subfield><subfield code="2">uzb-Z9</subfield></datafield><datafield ind1=" " ind2=" " tag="690"><subfield code="a">Kausalität, B: Thomas von Aquin</subfield><subfield code="2">rzs-L1</subfield></datafield><datafield ind1=" " ind2=" " tag="690"><subfield code="a">Ontologie, B: Thomas von Aquin</subfield><subfield code="2">rzs-L1</subfield></datafield><datafield ind1=" " ind2=" " tag="690"><subfield code="a">Partizipation (Philosophie), B: Thomas von Aquin</subfield><subfield code="2">rzs-L1</subfield></datafield><datafield ind1=" " ind2=" " tag="690"><subfield code="a">Thomas von Aquin, B: Ontologie</subfield><subfield code="2">rzs-L1</subfield></datafield><datafield ind1=" " ind2=" " tag="830"><subfield code="a">Chaire Cardinal Mercier</subfield><subfield code="v">1954/2</subfield><subfield code="w">(NEBIS)006451158EBI01</subfield></datafield><datafield ind1=" " ind2=" " tag="900"><subfield code="a">REROnoselfmerge</subfield></datafield><datafield ind1=" " ind2=" " tag="900"><subfield code="a">IDSZRMedeaZBZ</subfield><subfield code="c">IDSZRmurd</subfield></datafield></record>
</metadata></record>