<record><header><identifier>oai:alma.41SLSP_UGE:991000035589705502</identifier><datestamp>2023-03-28T00:10:56Z</datestamp><setSpec>uge_cmu_RapidILL_JOURNAL</setSpec><setSpec>uge_aobs_RapidILL_JOURNAL</setSpec><setSpec>uge_aaca_RapidILL_JOURNAL</setSpec><setSpec>uge_bcen_RapidILL_JOURNAL</setSpec><setSpec>uge_abbat_RapidILL_JOURNAL</setSpec><setSpec>uge_dbu_RapidILL_JOURNAL</setSpec><setSpec>uge_mail_RapidILL_JOURNAL</setSpec><setSpec>uge_abels_RapidILL_JOURNAL</setSpec><setSpec>UNIGE_ALL</setSpec><setSpec>uge_acar_RapidILL_JOURNAL</setSpec></header><metadata>
<record xmlns="http://www.loc.gov/MARC21/slim" xmlns:xsi="http://www.w3.org/2001/XMLSchema-instance" xsi:schemaLocation="http://www.loc.gov/MARC21/slim http://www.loc.gov/standards/marcxml/schema/MARC21slim.xsd"><leader>01476nas a2200349 c 4500</leader><controlfield tag="001">991000035589705502</controlfield><controlfield tag="005">20230327183641.0</controlfield><controlfield tag="008">930311c19939999sz || p|  ||| 0    0ger d</controlfield><datafield ind1=" " ind2=" " tag="035"><subfield code="a">(swissbib)087396955-41slsp_network</subfield></datafield><datafield ind1=" " ind2=" " tag="035"><subfield code="a">087396955</subfield><subfield code="9">ExL</subfield></datafield><datafield ind1=" " ind2=" " tag="035"><subfield code="a">(RERO)1655333-41slsp</subfield></datafield><datafield ind1=" " ind2=" " tag="035"><subfield code="a">(EXLNZ-41SLSP_NETWORK)991113081039705501</subfield></datafield><datafield ind1=" " ind2=" " tag="040"><subfield code="a">RERO gevbpu</subfield><subfield code="d">CH-ZuSLS</subfield></datafield><datafield ind1="0" ind2=" " tag="041"><subfield code="a">ger</subfield><subfield code="a">fre</subfield><subfield code="a">ita</subfield></datafield><datafield ind1=" " ind2="7" tag="072"><subfield code="a">al</subfield><subfield code="2">rero</subfield></datafield><datafield ind1=" " ind2="7" tag="072"><subfield code="a">fr</subfield><subfield code="2">rero</subfield></datafield><datafield ind1="0" ind2="0" tag="245"><subfield code="a">Quarto</subfield><subfield code="b">Zeitschrift des Schweizerischen Literaturarchivs (SLA) = revue des Archives littéraires suisses (ALS) = rivista dell'Archivio svizzero di letteratura (ASL) = revista da l'Archiv svizzer da litteratura (ASL)</subfield></datafield><datafield ind1="1" ind2=" " tag="246"><subfield code="a">Quarto</subfield><subfield code="b">revue des Archives littéraires suisses (ALS)</subfield></datafield><datafield ind1="1" ind2=" " tag="246"><subfield code="a">Quarto</subfield><subfield code="b">rivista dell'Archivio svizzero di letteratura (ASL)</subfield></datafield><datafield ind1="1" ind2=" " tag="246"><subfield code="a">Quarto</subfield><subfield code="b">revista da l'Archiv svizzer da litteratura (ASL)</subfield></datafield><datafield ind1=" " ind2="1" tag="264"><subfield code="a">Bern</subfield><subfield code="b">Schweizerisches Literaturarchiv [puis]</subfield><subfield code="a">Genève</subfield><subfield code="b">Slatkine</subfield></datafield><datafield ind1=" " ind2=" " tag="300"><subfield code="c">23 cm</subfield></datafield><datafield ind1=" " ind2=" " tag="310"><subfield code="a">Paraît une à deux fois par an</subfield></datafield><datafield ind1=" " ind2=" " tag="336"><subfield code="b">txt</subfield><subfield code="2">rdacontent</subfield></datafield><datafield ind1=" " ind2=" " tag="337"><subfield code="b">n</subfield><subfield code="2">rdamedia</subfield></datafield><datafield ind1=" " ind2=" " tag="338"><subfield code="b">nc</subfield><subfield code="2">rdacarrier</subfield></datafield><datafield ind1="0" ind2=" " tag="362"><subfield code="a">1(März 1993)-</subfield></datafield><datafield ind1=" " ind2=" " tag="500"><subfield code="a">Dès le vol. 18(2003) édité chez Slatkine à Genève ; dépôt légal</subfield></datafield><datafield ind1="2" ind2="7" tag="610"><subfield code="a">Archives littéraires suisses (Berne)</subfield><subfield code="0">(RERO)A009960445</subfield><subfield code="2">rero</subfield></datafield><datafield ind1=" " ind2="7" tag="650"><subfield code="a">Littérature suisse</subfield><subfield code="0">(IDREF)027819701</subfield><subfield code="2">idref</subfield></datafield><datafield ind1=" " ind2="7" tag="655"><subfield code="a">Périodiques</subfield><subfield code="0">(IDREF)02724640X</subfield><subfield code="2">idref</subfield></datafield><datafield ind1="2" ind2=" " tag="710"><subfield code="a">Archives littéraires suisses</subfield><subfield code="0">(IDREF)069393311</subfield></datafield><datafield ind1=" " ind2=" " tag="900"><subfield code="a">REROnoselfmerge</subfield></datafield></record>
</metadata></record>