<record><header><identifier>oai:alma.41SLSP_UGE:991000035269705502</identifier><datestamp>2023-03-01T01:08:47Z</datestamp><setSpec>uge_cmu_RapidILL_JOURNAL</setSpec><setSpec>uge_aobs_RapidILL_JOURNAL</setSpec><setSpec>uge_aaca_RapidILL_JOURNAL</setSpec><setSpec>uge_bcen_RapidILL_JOURNAL</setSpec><setSpec>uge_abbat_RapidILL_JOURNAL</setSpec><setSpec>uge_mail_RapidILL_JOURNAL</setSpec><setSpec>uge_dbu_RapidILL_JOURNAL</setSpec><setSpec>UNIGE_ALL</setSpec><setSpec>uge_abels_RapidILL_JOURNAL</setSpec><setSpec>uge_acar_RapidILL_JOURNAL</setSpec></header><metadata>
<record xmlns="http://www.loc.gov/MARC21/slim" xmlns:xsi="http://www.w3.org/2001/XMLSchema-instance" xsi:schemaLocation="http://www.loc.gov/MARC21/slim http://www.loc.gov/standards/marcxml/schema/MARC21slim.xsd"><leader>01165nas a2200289 c 4500</leader><controlfield tag="001">991000035269705502</controlfield><controlfield tag="005">20201225182234.0</controlfield><controlfield tag="008">940812d19811998xxu|| p|  ||| 0    0eng d</controlfield><datafield ind1=" " ind2=" " tag="022"><subfield code="a">0736-6892</subfield></datafield><datafield ind1=" " ind2=" " tag="035"><subfield code="a">(swissbib)089046749-41slsp_network</subfield></datafield><datafield ind1=" " ind2=" " tag="035"><subfield code="a">089046749</subfield><subfield code="9">ExL</subfield></datafield><datafield ind1=" " ind2=" " tag="035"><subfield code="a">(RERO)1894228-41slsp</subfield></datafield><datafield ind1=" " ind2=" " tag="035"><subfield code="a">(EXLNZ-41SLSP_NETWORK)991040688289705501</subfield></datafield><datafield ind1=" " ind2=" " tag="040"><subfield code="a">RERO geudbu</subfield><subfield code="d">CH-ZuSLS</subfield></datafield><datafield ind1=" " ind2="7" tag="072"><subfield code="a">in</subfield><subfield code="2">rero</subfield></datafield><datafield ind1="0" ind2="0" tag="245"><subfield code="a">SIGUCCS newsletter</subfield><subfield code="b">a publication of the Special Interest Group on University and College Computing Services, Association for Computing Machinery</subfield></datafield><datafield ind1=" " ind2="1" tag="264"><subfield code="a">New York</subfield><subfield code="b">ACM</subfield><subfield code="c">1981-1998</subfield></datafield><datafield ind1=" " ind2=" " tag="300"><subfield code="c">28 cm</subfield></datafield><datafield ind1=" " ind2=" " tag="310"><subfield code="a">Trimestriel</subfield></datafield><datafield ind1=" " ind2=" " tag="336"><subfield code="b">txt</subfield><subfield code="2">rdacontent</subfield></datafield><datafield ind1=" " ind2=" " tag="337"><subfield code="b">n</subfield><subfield code="2">rdamedia</subfield></datafield><datafield ind1=" " ind2=" " tag="338"><subfield code="b">nc</subfield><subfield code="2">rdacarrier</subfield></datafield><datafield ind1="0" ind2=" " tag="362"><subfield code="a">11,4(1981)-28(1998)</subfield></datafield><datafield ind1=" " ind2=" " tag="500"><subfield code="a">Cessé de paraître</subfield></datafield><datafield ind1=" " ind2=" " tag="580"><subfield code="a">Fait suite à: SIGUCC newsletter</subfield></datafield><datafield ind1="2" ind2=" " tag="710"><subfield code="a">Association for Computing Machinery (New York)</subfield><subfield code="b">Special Interest Group on University and College Computing Services</subfield><subfield code="0">(RERO)A000011694</subfield></datafield><datafield ind1="0" ind2="0" tag="780"><subfield code="t">SIGUCC newsletter : a publication of the Special Interest Group on University Computing Centers, Association for Computing Machinery</subfield><subfield code="w">(RERO)1894221-41slsp</subfield></datafield><datafield ind1=" " ind2=" " tag="900"><subfield code="a">REROnoselfmerge</subfield></datafield></record>
</metadata></record>