<record><header><identifier>oai:alma.41SLSP_UGE:991000035579705502</identifier><datestamp>2023-03-01T01:08:47Z</datestamp><setSpec>uge_bcen_RapidILL_BOOK</setSpec><setSpec>uge_aaca_RapidILL_BOOK</setSpec><setSpec>uge_abels_RapidILL_BOOK</setSpec><setSpec>uge_dbu_RapidILL_BOOK</setSpec><setSpec>uge_cmu_RapidILL_BOOK</setSpec><setSpec>uge_mail_RapidILL_BOOK</setSpec><setSpec>UNIGE_ALL</setSpec><setSpec>uge_abbat_RapidILL_BOOK</setSpec><setSpec>uge_aobs_RapidILL_BOOK</setSpec><setSpec>uge_acar_RapidILL_BOOK</setSpec></header><metadata>
<record xmlns="http://www.loc.gov/MARC21/slim" xmlns:xsi="http://www.w3.org/2001/XMLSchema-instance" xsi:schemaLocation="http://www.loc.gov/MARC21/slim http://www.loc.gov/standards/marcxml/schema/MARC21slim.xsd"><leader>01883nam a2200397 c 4500</leader><controlfield tag="001">991000035579705502</controlfield><controlfield tag="005">20201229232910.0</controlfield><controlfield tag="008">201011s1979    ne ||||| |||| 10| ||eng d</controlfield><datafield ind1=" " ind2=" " tag="020"><subfield code="a">9027709734</subfield></datafield><datafield ind1=" " ind2=" " tag="035"><subfield code="a">(swissbib)217372376-41slsp_network</subfield></datafield><datafield ind1=" " ind2=" " tag="035"><subfield code="a">217372376</subfield><subfield code="9">ExL</subfield></datafield><datafield ind1=" " ind2=" " tag="035"><subfield code="a">(RERO)1202041-41slsp</subfield></datafield><datafield ind1=" " ind2=" " tag="035"><subfield code="a">(NEBIS)000242562EBI01</subfield></datafield><datafield ind1=" " ind2=" " tag="035"><subfield code="a">(EXLNZ-41SLSP_NETWORK)991123649359705501</subfield></datafield><datafield ind1=" " ind2=" " tag="040"><subfield code="a">RERO geusob</subfield><subfield code="d">CH-ZuSLS</subfield></datafield><datafield ind1=" " ind2="7" tag="072"><subfield code="a">as</subfield><subfield code="2">rero</subfield></datafield><datafield ind1=" " ind2="7" tag="072"><subfield code="a">py</subfield><subfield code="2">rero</subfield></datafield><datafield ind1="0" ind2="0" tag="245"><subfield code="a">Instabilities in dynamical systems</subfield><subfield code="b">applications to celestial mechanics : proceedings of the NATO Advanced Study Institute held at Cortina d'Ampezzo, italy, July 30-August 12, 1978</subfield><subfield code="c">ed. by Victor G. Szebehely</subfield></datafield><datafield ind1=" " ind2="1" tag="264"><subfield code="a">Dordrecht</subfield><subfield code="a">Boston [etc.]</subfield><subfield code="b">D. Reidel</subfield><subfield code="c">[1979]</subfield></datafield><datafield ind1=" " ind2="4" tag="264"><subfield code="c">© 1979</subfield></datafield><datafield ind1=" " ind2=" " tag="300"><subfield code="a">XXIV, 314 p.</subfield><subfield code="b">ill.</subfield><subfield code="c">25 cm</subfield></datafield><datafield ind1=" " ind2=" " tag="336"><subfield code="b">txt</subfield><subfield code="2">rdacontent</subfield></datafield><datafield ind1=" " ind2=" " tag="337"><subfield code="b">n</subfield><subfield code="2">rdamedia</subfield></datafield><datafield ind1=" " ind2=" " tag="338"><subfield code="b">nc</subfield><subfield code="2">rdacarrier</subfield></datafield><datafield ind1="1" ind2=" " tag="490"><subfield code="a">NATO advanced study institutes series. Series C, Mathematical and physical sciences</subfield><subfield code="v">vol. 47</subfield></datafield><datafield ind1=" " ind2=" " tag="504"><subfield code="a">Bibliogr.</subfield></datafield><datafield ind1=" " ind2="7" tag="650"><subfield code="a">DYNAMISCHE SYSTEME (ANALYSIS)</subfield><subfield code="9">ger</subfield><subfield code="0">(ETHUDK)000013352</subfield><subfield code="2">ethudk</subfield></datafield><datafield ind1=" " ind2="7" tag="650"><subfield code="a">HIMMELSMECHANIK (ASTRONOMIE)</subfield><subfield code="9">ger</subfield><subfield code="0">(ETHUDK)000013967</subfield><subfield code="2">ethudk</subfield></datafield><datafield ind1=" " ind2="7" tag="655"><subfield code="a">Konferenzschrift</subfield><subfield code="z">Cortina d'Ampezzo</subfield><subfield code="y">1978</subfield><subfield code="2">gnd-content</subfield></datafield><datafield ind1=" " ind2=" " tag="690"><subfield code="a">531.3</subfield><subfield code="d">Dynamik, Kinetik, Chaos</subfield><subfield code="2">uzb-UK</subfield></datafield><datafield ind1="1" ind2=" " tag="700"><subfield code="a">Szebehely, Victor G.</subfield><subfield code="0">(DE-588)188329072</subfield></datafield><datafield ind1="1" ind2=" " tag="700"><subfield code="a">Szebehely, Victor G.</subfield><subfield code="d">1921-1997</subfield><subfield code="0">(IDREF)035507632</subfield></datafield><datafield ind1="2" ind2=" " tag="711"><subfield code="a">NATO Advanced Study Institute on Instabilities in Dynamical Systems</subfield><subfield code="d">1978</subfield><subfield code="c">Cortina dÁmpezzo</subfield><subfield code="0">(DE-588)1091137978</subfield></datafield><datafield ind1="2" ind2=" " tag="711"><subfield code="a">NATO Advanced Study Institute</subfield><subfield code="d">1978</subfield><subfield code="c">Cortina d'Ampezzo</subfield><subfield code="0">(RERO)A012326288</subfield></datafield><datafield ind1=" " ind2=" " tag="830"><subfield code="a">NATO science series</subfield><subfield code="n">Series C</subfield><subfield code="p">Mathematical and physical sciences</subfield><subfield code="v">47</subfield><subfield code="w">(NEBIS)000019229EBI01</subfield></datafield><datafield ind1=" " ind2=" " tag="830"><subfield code="a">NATO Advanced Study Institutes Series</subfield><subfield code="p">Series C, Mathematical and physical science</subfield><subfield code="v">47</subfield><subfield code="w">(RERO)0553162-41slsp</subfield></datafield><datafield ind1=" " ind2=" " tag="900"><subfield code="a">REROnoselfmerge</subfield></datafield><datafield ind1=" " ind2=" " tag="961"><subfield code="2">ge-obs</subfield><subfield code="a">24.41</subfield><subfield code="9">LOCAL</subfield></datafield></record>
</metadata></record>