<record><header><identifier>oai:alma.41SLSP_UGE:991000035689705502</identifier><datestamp>2023-03-04T01:20:34Z</datestamp><setSpec>uge_bcen_RapidILL_BOOK</setSpec><setSpec>uge_aaca_RapidILL_BOOK</setSpec><setSpec>uge_abels_RapidILL_BOOK</setSpec><setSpec>uge_dbu_RapidILL_BOOK</setSpec><setSpec>uge_cmu_RapidILL_BOOK</setSpec><setSpec>uge_mail_RapidILL_BOOK</setSpec><setSpec>uge_abbat_RapidILL_BOOK</setSpec><setSpec>UNIGE_ALL</setSpec><setSpec>uge_aobs_RapidILL_BOOK</setSpec><setSpec>uge_acar_RapidILL_BOOK</setSpec></header><metadata>
<record xmlns="http://www.loc.gov/MARC21/slim" xmlns:xsi="http://www.w3.org/2001/XMLSchema-instance" xsi:schemaLocation="http://www.loc.gov/MARC21/slim http://www.loc.gov/standards/marcxml/schema/MARC21slim.xsd"><leader>02832nam a2200733 c 4500</leader><controlfield tag="001">991000035689705502</controlfield><controlfield tag="005">20230303210005.0</controlfield><controlfield tag="008">201012s2006    gw ||||| |||| 00| ||ger d</controlfield><datafield ind1=" " ind2=" " tag="015"><subfield code="a">GFR-DNB-06,N23,0219</subfield></datafield><datafield ind1="7" ind2=" " tag="016"><subfield code="a">979689139</subfield><subfield code="2">GyFmDB</subfield></datafield><datafield ind1=" " ind2=" " tag="020"><subfield code="a">3429027985</subfield><subfield code="q">Pb.</subfield><subfield code="c">EUR 25.00, CHF 43.80, EUR 25.70 (AT)</subfield></datafield><datafield ind1=" " ind2=" " tag="020"><subfield code="a">9783429027988</subfield><subfield code="c">Pb. : EUR 25.00, sfr 43.80, EUR 25.70 (AT)</subfield></datafield><datafield ind1=" " ind2=" " tag="035"><subfield code="a">(swissbib)232890900-41slsp_network</subfield></datafield><datafield ind1=" " ind2=" " tag="035"><subfield code="a">232890900</subfield><subfield code="9">ExL</subfield></datafield><datafield ind1=" " ind2=" " tag="035"><subfield code="a">(RERO)R004143708-41slsp</subfield></datafield><datafield ind1=" " ind2=" " tag="035"><subfield code="a">(IDSBB)003932083DSV01</subfield></datafield><datafield ind1=" " ind2=" " tag="035"><subfield code="a">(IDSLU)000478754ILU01</subfield></datafield><datafield ind1=" " ind2=" " tag="035"><subfield code="a">(NEBIS)005222102EBI01</subfield></datafield><datafield ind1=" " ind2=" " tag="035"><subfield code="a">(EXLNZ-41SLSP_NETWORK)991093373559705501</subfield></datafield><datafield ind1=" " ind2=" " tag="040"><subfield code="a">RERO frbcuc</subfield><subfield code="d">CH-ZuSLS</subfield></datafield><datafield ind1="0" ind2=" " tag="041"><subfield code="a">ger</subfield></datafield><datafield ind1=" " ind2=" " tag="044"><subfield code="a">gw</subfield></datafield><datafield ind1=" " ind2="7" tag="072"><subfield code="a">th</subfield><subfield code="2">rero</subfield></datafield><datafield ind1=" " ind2="7" tag="072"><subfield code="a">th</subfield><subfield code="2">SzZuIDS BS/BE</subfield></datafield><datafield ind1=" " ind2="7" tag="072"><subfield code="a">730</subfield><subfield code="2">IDS LU</subfield></datafield><datafield ind1="0" ind2="4" tag="082"><subfield code="a">227.106</subfield></datafield><datafield ind1=" " ind2=" " tag="084"><subfield code="a">BC 7500</subfield><subfield code="2">rvk</subfield></datafield><datafield ind1=" " ind2=" " tag="084"><subfield code="a">BC 7290</subfield><subfield code="2">rvk</subfield></datafield><datafield ind1="1" ind2=" " tag="100"><subfield code="a">Spitaler, Peter</subfield><subfield code="d">19..-....</subfield><subfield code="0">(IDREF)195424042</subfield><subfield code="4">cre</subfield></datafield><datafield ind1="1" ind2="0" tag="245"><subfield code="a">Universale Sünde von Juden und Heiden?</subfield><subfield code="b">eine Untersuchung zu Römer 1,18-3,20</subfield><subfield code="c">Peter Spitaler</subfield></datafield><datafield ind1=" " ind2="1" tag="264"><subfield code="a">Würzburg</subfield><subfield code="b">Echter Verl.</subfield><subfield code="c">2006</subfield></datafield><datafield ind1=" " ind2=" " tag="300"><subfield code="a">223 S.</subfield><subfield code="c">24 cm</subfield></datafield><datafield ind1=" " ind2=" " tag="336"><subfield code="b">txt</subfield><subfield code="2">rdacontent</subfield></datafield><datafield ind1=" " ind2=" " tag="337"><subfield code="b">n</subfield><subfield code="2">rdamedia</subfield></datafield><datafield ind1=" " ind2=" " tag="338"><subfield code="b">nc</subfield><subfield code="2">rdacarrier</subfield></datafield><datafield ind1="1" ind2=" " tag="490"><subfield code="a">Forschung zur Bibel</subfield><subfield code="v">Bd. 109</subfield></datafield><datafield ind1=" " ind2=" " tag="502"><subfield code="a">Überarb. und erw. Diss. Univ. München, 2003</subfield></datafield><datafield ind1=" " ind2=" " tag="502"><subfield code="a">Diss. Ludwig-Maximilians-Universität München, 2003</subfield></datafield><datafield ind1="0" ind2="7" tag="600"><subfield code="a">Paulus</subfield><subfield code="c">Apostel</subfield><subfield code="x">Römerbrief</subfield><subfield code="x">Sünde</subfield><subfield code="2">idsbb</subfield></datafield><datafield ind1="0" ind2="7" tag="600"><subfield code="a">Paulus</subfield><subfield code="c">Apostel</subfield><subfield code="x">Römerbrief</subfield><subfield code="x">Heide</subfield><subfield code="2">idsbb</subfield></datafield><datafield ind1="0" ind2="7" tag="600"><subfield code="a">Paulus</subfield><subfield code="c">Apostel</subfield><subfield code="x">Römerbrief</subfield><subfield code="z">Juden</subfield><subfield code="2">idsbb</subfield></datafield><datafield ind1="0" ind2="7" tag="600"><subfield code="a">Paulus</subfield><subfield code="c">Apostel, Heiliger</subfield><subfield code="0">(DE-588)118641549</subfield><subfield code="2">gnd</subfield></datafield><datafield ind1="0" ind2="0" tag="600"><subfield code="a">Paulus</subfield><subfield code="c">&lt;Apostel&gt;</subfield><subfield code="x">Judentum</subfield><subfield code="x">Sünde</subfield><subfield code="x">Heidentum</subfield></datafield><datafield ind1="0" ind2="0" tag="600"><subfield code="a">Paulus</subfield><subfield code="c">&lt;Apostel&gt;</subfield><subfield code="x">Sünde</subfield><subfield code="x">Theologische Anthropologie</subfield></datafield><datafield ind1="0" ind2="7" tag="630"><subfield code="a">Bible</subfield><subfield code="p">NT</subfield><subfield code="p">Romains</subfield><subfield code="n">1, 18 - 3, 20</subfield><subfield code="2">rero</subfield></datafield><datafield ind1="0" ind2="7" tag="630"><subfield code="a">Bibel</subfield><subfield code="p">Römerbrief</subfield><subfield code="n">1,18-3,20</subfield><subfield code="0">(DE-588)4520970-4</subfield><subfield code="2">gnd</subfield></datafield><datafield ind1="0" ind2="7" tag="630"><subfield code="a">Römerbrief 1,18-3,20</subfield><subfield code="2">idszbz</subfield></datafield><datafield ind1="0" ind2="0" tag="630"><subfield code="a">Bible</subfield><subfield code="p">Romans I,18-III, 20</subfield><subfield code="x">Criticism, interpretation, etc</subfield></datafield><datafield ind1="0" ind2="0" tag="630"><subfield code="a">Bible</subfield><subfield code="p">Romans, I,18-III, 20</subfield><subfield code="x">Criticism, interpretation, etc</subfield></datafield><datafield ind1=" " ind2="7" tag="650"><subfield code="a">Péché (religion)</subfield><subfield code="0">(IDREF)145355152</subfield><subfield code="2">idref</subfield></datafield><datafield ind1=" " ind2="7" tag="650"><subfield code="a">Sünde</subfield><subfield code="0">(DE-588)4058487-2</subfield><subfield code="2">gnd</subfield></datafield><datafield ind1=" " ind2="7" tag="650"><subfield code="a">Judentum</subfield><subfield code="0">(DE-588)4114087-4</subfield><subfield code="2">gnd</subfield></datafield><datafield ind1=" " ind2="7" tag="650"><subfield code="a">Heidentum</subfield><subfield code="0">(DE-588)4024001-0</subfield><subfield code="2">gnd</subfield></datafield><datafield ind1=" " ind2="7" tag="650"><subfield code="a">Theologische Anthropologie</subfield><subfield code="0">(DE-588)4059766-0</subfield><subfield code="2">gnd</subfield></datafield><datafield ind1=" " ind2="7" tag="650"><subfield code="a">Heidentum</subfield><subfield code="2">idszbz</subfield></datafield><datafield ind1=" " ind2="7" tag="650"><subfield code="a">Sünde</subfield><subfield code="2">idszbz</subfield></datafield><datafield ind1=" " ind2="7" tag="650"><subfield code="a">Universalität</subfield><subfield code="2">idszbz</subfield></datafield><datafield ind1=" " ind2="7" tag="650"><subfield code="a">Zorn Gottes</subfield><subfield code="2">idszbz</subfield></datafield><datafield ind1=" " ind2="7" tag="650"><subfield code="a">Juden</subfield><subfield code="2">idszbz</subfield></datafield><datafield ind1=" " ind2="0" tag="650"><subfield code="a">Sin</subfield></datafield><datafield ind1=" " ind2="0" tag="650"><subfield code="a">Sin</subfield><subfield code="x">Judaism</subfield></datafield><datafield ind1=" " ind2="7" tag="655"><subfield code="a">Hochschulschrift</subfield><subfield code="2">gnd-content</subfield></datafield><datafield ind1=" " ind2="0" tag="830"><subfield code="a">Forschung zur Bibel</subfield><subfield code="v">109</subfield><subfield code="w">(RERO)0553129-41slsp</subfield></datafield><datafield ind1=" " ind2=" " tag="900"><subfield code="a">REROnoselfmerge</subfield></datafield><datafield ind1=" " ind2=" " tag="900"><subfield code="a">IDSZ2zbzmon200610f</subfield><subfield code="c">IDSZ2suse</subfield><subfield code="d">IDSZ2zbzswk200610b</subfield><subfield code="e">IDSZ2haag</subfield></datafield></record>
</metadata></record>