<record><header><identifier>oai:alma.41SLSP_UGE:991000035079705502</identifier><datestamp>2024-03-09T01:27:35Z</datestamp><setSpec>uge_bcen_RapidILL_BOOK</setSpec><setSpec>uge_aaca_RapidILL_BOOK</setSpec><setSpec>uge_abels_RapidILL_BOOK</setSpec><setSpec>uge_dbu_RapidILL_BOOK</setSpec><setSpec>uge_cmu_RapidILL_BOOK</setSpec><setSpec>uge_mail_RapidILL_BOOK</setSpec><setSpec>uge_abbat_RapidILL_BOOK</setSpec><setSpec>UNIGE_ALL</setSpec><setSpec>uge_acar_RapidILL_BOOK</setSpec><setSpec>uge_aobs_RapidILL_BOOK</setSpec></header><metadata>
<record xmlns="http://www.loc.gov/MARC21/slim" xmlns:xsi="http://www.w3.org/2001/XMLSchema-instance" xsi:schemaLocation="http://www.loc.gov/MARC21/slim http://www.loc.gov/standards/marcxml/schema/MARC21slim.xsd"><leader>03475nam a22008897c 4500</leader><controlfield tag="001">991000035079705502</controlfield><controlfield tag="005">20240308024201.0</controlfield><controlfield tag="008">201012s2000    gw ||||| |||| 00| ||ger d</controlfield><datafield ind1=" " ind2=" " tag="015"><subfield code="a">GFR-DNB-00,A51,1906</subfield></datafield><datafield ind1="7" ind2=" " tag="016"><subfield code="a">960153101</subfield><subfield code="2">GyFmDB</subfield></datafield><datafield ind1=" " ind2=" " tag="019"><subfield code="a">Datenimport FG Kornhaus</subfield><subfield code="5">IDSBB/B425/2019</subfield></datafield><datafield ind1=" " ind2=" " tag="020"><subfield code="a">3806215332</subfield></datafield><datafield ind1="7" ind2=" " tag="024"><subfield code="a">http://catalogue.bnf.fr/ark:/12148/cb389025090</subfield><subfield code="2">uri</subfield></datafield><datafield ind1=" " ind2=" " tag="035"><subfield code="a">(swissbib)235230995-41slsp_network</subfield></datafield><datafield ind1=" " ind2=" " tag="035"><subfield code="a">235230995</subfield><subfield code="9">ExL</subfield></datafield><datafield ind1=" " ind2=" " tag="035"><subfield code="a">(RERO)R003006102-41slsp</subfield></datafield><datafield ind1=" " ind2=" " tag="035"><subfield code="a">(IDSBB)002215643DSV01</subfield></datafield><datafield ind1=" " ind2=" " tag="035"><subfield code="a">(NEBIS)004064509EBI01</subfield></datafield><datafield ind1=" " ind2=" " tag="035"><subfield code="a">(IDSLU)000198365ILU01</subfield></datafield><datafield ind1=" " ind2=" " tag="035"><subfield code="a">(ABN)000122294ABN01</subfield></datafield><datafield ind1=" " ind2=" " tag="035"><subfield code="a">(ALEX)bv001327559</subfield></datafield><datafield ind1=" " ind2=" " tag="035"><subfield code="a">(EXLNZ-41SLSP_NETWORK)991094087169705501</subfield></datafield><datafield ind1=" " ind2=" " tag="040"><subfield code="a">RERO frbcuc</subfield><subfield code="d">CH-ZuSLS</subfield></datafield><datafield ind1="1" ind2=" " tag="041"><subfield code="a">ger</subfield><subfield code="h">fre</subfield><subfield code="h">ita</subfield><subfield code="h">spa</subfield></datafield><datafield ind1=" " ind2="7" tag="072"><subfield code="a">ba</subfield><subfield code="2">rero</subfield></datafield><datafield ind1=" " ind2="7" tag="072"><subfield code="a">hm</subfield><subfield code="2">rero</subfield></datafield><datafield ind1=" " ind2="7" tag="072"><subfield code="a">ng</subfield><subfield code="2">SzZuIDS BS/BE</subfield></datafield><datafield ind1=" " ind2="7" tag="072"><subfield code="a">kh</subfield><subfield code="2">SzZuIDS BS/BE</subfield></datafield><datafield ind1=" " ind2="7" tag="072"><subfield code="a">460</subfield><subfield code="2">IDS LU</subfield></datafield><datafield ind1=" " ind2="7" tag="072"><subfield code="a">450</subfield><subfield code="2">IDS LU</subfield></datafield><datafield ind1="1" ind2="4" tag="082"><subfield code="a">900</subfield><subfield code="2">15</subfield></datafield><datafield ind1=" " ind2=" " tag="084"><subfield code="a">NM 7600</subfield><subfield code="2">rvk</subfield></datafield><datafield ind1="0" ind2="0" tag="245"><subfield code="a">&lt;&lt;Die&gt;&gt; Zeit der Kreuzzüge</subfield><subfield code="b">Geschichte und Kunst</subfield><subfield code="c">hrsg. von Roberto Cassanelli ... ...</subfield></datafield><datafield ind1=" " ind2="1" tag="264"><subfield code="a">Stuttgart</subfield><subfield code="b">Theiss</subfield><subfield code="c">[2000]</subfield></datafield><datafield ind1=" " ind2="4" tag="264"><subfield code="c">© 2000</subfield></datafield><datafield ind1=" " ind2=" " tag="300"><subfield code="a">302 S.</subfield><subfield code="b">Abb.</subfield><subfield code="c">25 cm</subfield></datafield><datafield ind1=" " ind2=" " tag="336"><subfield code="b">txt</subfield><subfield code="2">rdacontent</subfield></datafield><datafield ind1=" " ind2=" " tag="337"><subfield code="b">n</subfield><subfield code="2">rdamedia</subfield></datafield><datafield ind1=" " ind2=" " tag="338"><subfield code="b">nc</subfield><subfield code="2">rdacarrier</subfield></datafield><datafield ind1=" " ind2=" " tag="500"><subfield code="a">Originaltitel: Il mediterraneo e l'arte nel medioevo</subfield></datafield><datafield ind1=" " ind2="7" tag="648"><subfield code="a">Geschichte 1095-1270</subfield><subfield code="2">gnd</subfield></datafield><datafield ind1=" " ind2="7" tag="648"><subfield code="a">Geschichte</subfield><subfield code="2">idszbz</subfield></datafield><datafield ind1=" " ind2="7" tag="650"><subfield code="a">Art</subfield><subfield code="0">(IDREF)027269302</subfield><subfield code="2">idref</subfield></datafield><datafield ind1=" " ind2="7" tag="650"><subfield code="a">Moyen âge</subfield><subfield code="0">(IDREF)027329917</subfield><subfield code="2">idref</subfield></datafield><datafield ind1=" " ind2="7" tag="650"><subfield code="a">Kunst</subfield><subfield code="z">Mittelmeerraum</subfield><subfield code="y">Geschichte Mittelalter</subfield><subfield code="2">idsbb</subfield></datafield><datafield ind1=" " ind2="7" tag="650"><subfield code="a">Kunst</subfield><subfield code="z">Mittelmeerraum</subfield><subfield code="y">Geschichte Mittelalter</subfield><subfield code="v">Bildband</subfield><subfield code="2">idsbb</subfield></datafield><datafield ind1=" " ind2="7" tag="650"><subfield code="a">Kulturaustausch</subfield><subfield code="z">Europa</subfield><subfield code="z">Mittelmeerraum</subfield><subfield code="y">Geschichte Mittelalter</subfield><subfield code="2">idsbb</subfield></datafield><datafield ind1=" " ind2="7" tag="650"><subfield code="a">Kulturaustausch</subfield><subfield code="z">Europa</subfield><subfield code="z">Mittelmeerraum</subfield><subfield code="y">Geschichte Mittelalter</subfield><subfield code="v">Bildband</subfield><subfield code="2">idsbb</subfield></datafield><datafield ind1=" " ind2="7" tag="650"><subfield code="a">Kreuzzüge</subfield><subfield code="2">idsbb</subfield></datafield><datafield ind1=" " ind2="7" tag="650"><subfield code="a">Kreuzzüge</subfield><subfield code="v">Bildband</subfield><subfield code="2">idsbb</subfield></datafield><datafield ind1=" " ind2="7" tag="650"><subfield code="a">Kreuzzüge</subfield><subfield code="0">(DE-588)4073802-4</subfield><subfield code="2">gnd</subfield></datafield><datafield ind1=" " ind2="7" tag="650"><subfield code="a">Kulturaustausch</subfield><subfield code="0">(DE-588)4165964-8</subfield><subfield code="2">gnd</subfield></datafield><datafield ind1=" " ind2="7" tag="650"><subfield code="a">Kunst</subfield><subfield code="0">(DE-588)4114333-4</subfield><subfield code="2">gnd</subfield></datafield><datafield ind1=" " ind2="7" tag="650"><subfield code="a">Kreuzzüge</subfield><subfield code="2">idszbz</subfield></datafield><datafield ind1=" " ind2="7" tag="650"><subfield code="a">Kunst</subfield><subfield code="2">idszbz</subfield></datafield><datafield ind1=" " ind2="0" tag="650"><subfield code="a">Antiquities</subfield></datafield><datafield ind1=" " ind2="0" tag="650"><subfield code="a">Archaeology</subfield></datafield><datafield ind1=" " ind2="0" tag="650"><subfield code="a">Art, Medieval</subfield><subfield code="z">Mediterranean Region</subfield></datafield><datafield ind1=" " ind2="0" tag="650"><subfield code="a">Buildings</subfield></datafield><datafield ind1=" " ind2="0" tag="650"><subfield code="a">Civilization, Western</subfield><subfield code="x">Islamic influences</subfield></datafield><datafield ind1=" " ind2="0" tag="650"><subfield code="a">Europe</subfield><subfield code="x">History</subfield></datafield><datafield ind1=" " ind2="0" tag="650"><subfield code="a">Islamic civilization</subfield><subfield code="x">Western influences</subfield></datafield><datafield ind1=" " ind2="7" tag="650"><subfield code="a">ABBILDUNGEN UND BILDWERKE (DOKUMENTENTYP)</subfield><subfield code="9">ger</subfield><subfield code="0">(ETHUDK)000000115</subfield><subfield code="2">ethudk</subfield></datafield><datafield ind1=" " ind2="7" tag="650"><subfield code="a">GESCHICHTE</subfield><subfield code="9">ger</subfield><subfield code="0">(ETHUDK)000036805</subfield><subfield code="2">ethudk</subfield></datafield><datafield ind1=" " ind2="7" tag="650"><subfield code="a">KREUZZÜGE (1096-1291)</subfield><subfield code="9">ger</subfield><subfield code="0">(ETHUDK)000011840</subfield><subfield code="2">ethudk</subfield></datafield><datafield ind1=" " ind2="7" tag="650"><subfield code="a">KUNSTGESCHICHTE</subfield><subfield code="9">ger</subfield><subfield code="0">(ETHUDK)000035233</subfield><subfield code="2">ethudk</subfield></datafield><datafield ind1=" " ind2="7" tag="651"><subfield code="a">Méditerranée (région)</subfield><subfield code="0">(IDREF)027237664</subfield><subfield code="2">idref</subfield></datafield><datafield ind1=" " ind2="7" tag="651"><subfield code="a">Mittelmeerraum</subfield><subfield code="0">(DE-588)4074900-9</subfield><subfield code="2">gnd</subfield></datafield><datafield ind1=" " ind2="0" tag="651"><subfield code="a">Mediterranean Region</subfield><subfield code="x">Civilization</subfield></datafield><datafield ind1=" " ind2="7" tag="655"><subfield code="a">[Études diverses]</subfield><subfield code="0">(RERO)A022249905</subfield><subfield code="2">rero</subfield></datafield><datafield ind1=" " ind2="7" tag="655"><subfield code="a">Aufsatzsammlung</subfield><subfield code="2">idszbz</subfield></datafield><datafield ind1=" " ind2="7" tag="655"><subfield code="a">Bildband</subfield><subfield code="2">idszbz</subfield></datafield><datafield ind1=" " ind2=" " tag="690"><subfield code="a">Kunst. Geschichte. 11/13. Jh., B: Kreuzzüge</subfield><subfield code="2">rzs-L1</subfield></datafield><datafield ind1=" " ind2=" " tag="690"><subfield code="a">Architektur. Geschichte. 11/13. Jh., B: Kreuzzüge</subfield><subfield code="2">rzs-L1</subfield></datafield><datafield ind1=" " ind2=" " tag="690"><subfield code="a">Kreuzzüge, B: Kunst</subfield><subfield code="2">rzs-L1</subfield></datafield><datafield ind1="1" ind2=" " tag="700"><subfield code="a">Cassanelli, Roberto</subfield><subfield code="d">1954-</subfield><subfield code="0">(DE-588)123279461</subfield><subfield code="6">880-02</subfield></datafield><datafield ind1="1" ind2=" " tag="880"><subfield code="6">700-02</subfield><subfield code="a">Cassanelli, Roberto</subfield><subfield code="d">1954-....</subfield><subfield code="0">(IDREF)029211824</subfield></datafield><datafield ind1=" " ind2=" " tag="900"><subfield code="a">IDSZ2zbzmon200103l</subfield><subfield code="c">IDSZ2tres</subfield><subfield code="d">IDSZ2zbzswk200103b</subfield><subfield code="e">IDSZ2brue</subfield></datafield></record>
</metadata></record>