<record><header><identifier>oai:alma.41SLSP_UGE:991000035699705502</identifier><datestamp>2024-01-06T01:20:05Z</datestamp><setSpec>uge_bcen_RapidILL_BOOK</setSpec><setSpec>uge_aaca_RapidILL_BOOK</setSpec><setSpec>uge_abels_RapidILL_BOOK</setSpec><setSpec>uge_dbu_RapidILL_BOOK</setSpec><setSpec>uge_cmu_RapidILL_BOOK</setSpec><setSpec>uge_mail_RapidILL_BOOK</setSpec><setSpec>uge_abbat_RapidILL_BOOK</setSpec><setSpec>UNIGE_ALL</setSpec><setSpec>uge_aobs_RapidILL_BOOK</setSpec><setSpec>uge_acar_RapidILL_BOOK</setSpec></header><metadata>
<record xmlns="http://www.loc.gov/MARC21/slim" xmlns:xsi="http://www.w3.org/2001/XMLSchema-instance" xsi:schemaLocation="http://www.loc.gov/MARC21/slim http://www.loc.gov/standards/marcxml/schema/MARC21slim.xsd"><leader>01984nam a2200529 c 4500</leader><controlfield tag="001">991000035699705502</controlfield><controlfield tag="005">20240105141348.0</controlfield><controlfield tag="008">201011s2000    it ||||| |||| 00| ||ita d</controlfield><datafield ind1=" " ind2=" " tag="020"><subfield code="a">8845290344</subfield></datafield><datafield ind1=" " ind2=" " tag="035"><subfield code="a">(swissbib)232476241-41slsp_network</subfield></datafield><datafield ind1=" " ind2=" " tag="035"><subfield code="a">232476241</subfield><subfield code="9">ExL</subfield></datafield><datafield ind1=" " ind2=" " tag="035"><subfield code="a">(RERO)R003027697-41slsp</subfield></datafield><datafield ind1=" " ind2=" " tag="035"><subfield code="a">(NEBIS)004237097EBI01</subfield></datafield><datafield ind1=" " ind2=" " tag="035"><subfield code="a">(SBT)000164628SBT01</subfield></datafield><datafield ind1=" " ind2=" " tag="035"><subfield code="a">(EXLNZ-41SLSP_NETWORK)991118382949705501</subfield></datafield><datafield ind1=" " ind2=" " tag="040"><subfield code="a">RERO frbcuc</subfield><subfield code="d">CH-ZuSLS</subfield></datafield><datafield ind1="1" ind2=" " tag="041"><subfield code="a">ita</subfield><subfield code="a">grc</subfield><subfield code="h">grc</subfield></datafield><datafield ind1=" " ind2=" " tag="050"><subfield code="a">BT</subfield></datafield><datafield ind1=" " ind2="7" tag="072"><subfield code="a">gr</subfield><subfield code="2">rero</subfield></datafield><datafield ind1=" " ind2="7" tag="072"><subfield code="a">th</subfield><subfield code="2">rero</subfield></datafield><datafield ind1="0" ind2="0" tag="082"><subfield code="a">230</subfield></datafield><datafield ind1="0" ind2="4" tag="082"><subfield code="a">252</subfield></datafield><datafield ind1="1" ind2="4" tag="082"><subfield code="a">230</subfield><subfield code="2">21</subfield></datafield><datafield ind1="0" ind2=" " tag="100"><subfield code="6">880-01</subfield><subfield code="a">Grégoire de Nazianze</subfield><subfield code="c">saint</subfield><subfield code="d">0330?-0390?</subfield><subfield code="0">(IDREF)026902281</subfield><subfield code="4">cre</subfield></datafield><datafield ind1="0" ind2=" " tag="880"><subfield code="6">100-01</subfield><subfield code="a">Gregorius</subfield><subfield code="c">Nazianzenus</subfield><subfield code="d">329-390</subfield><subfield code="0">(DE-588)118541900</subfield></datafield><datafield ind1="0" ind2=" " tag="880"><subfield code="6">100-01</subfield><subfield code="a">Gregorius</subfield><subfield code="c">Nazianzenus</subfield><subfield code="d">329-390</subfield><subfield code="0">(SBT11)000003722</subfield></datafield><datafield ind1="1" ind2="0" tag="240"><subfield code="a">Logoi</subfield></datafield><datafield ind1="1" ind2="0" tag="245"><subfield code="a">Tutte le orazioni</subfield><subfield code="c">Gregorio di Nazianzo ; a cura di Claudio Moreschini ; traduzione italiana con testo a fronte e note di Chiara Sani e Maria Vincelli ;introduzione di Claudio Moreschini ; prefazioni di Carmelo Crimi e Chiara Sani</subfield></datafield><datafield ind1=" " ind2="1" tag="264"><subfield code="a">[Milano]</subfield><subfield code="b">Bompiani</subfield><subfield code="c">2000</subfield></datafield><datafield ind1=" " ind2=" " tag="300"><subfield code="a">CV, 1420 p.</subfield><subfield code="c">22 cm</subfield></datafield><datafield ind1=" " ind2=" " tag="336"><subfield code="b">txt</subfield><subfield code="2">rdacontent</subfield></datafield><datafield ind1=" " ind2=" " tag="337"><subfield code="b">n</subfield><subfield code="2">rdamedia</subfield></datafield><datafield ind1=" " ind2=" " tag="338"><subfield code="b">nc</subfield><subfield code="2">rdacarrier</subfield></datafield><datafield ind1="1" ind2=" " tag="490"><subfield code="a">Il pensiero occidentale</subfield></datafield><datafield ind1=" " ind2=" " tag="500"><subfield code="a">Titre conventionnel: Orationes</subfield></datafield><datafield ind1=" " ind2=" " tag="500"><subfield code="a">Texte grec avec trad. italienne en regard</subfield></datafield><datafield ind1=" " ind2=" " tag="500"><subfield code="a">Testo originale greco a fronte</subfield></datafield><datafield ind1=" " ind2=" " tag="504"><subfield code="a">Includes bibliographical references</subfield></datafield><datafield ind1=" " ind2="7" tag="650"><subfield code="a">Griechisch</subfield><subfield code="2">idszbz</subfield></datafield><datafield ind1=" " ind2="7" tag="650"><subfield code="a">Rede</subfield><subfield code="2">idszbz</subfield></datafield><datafield ind1=" " ind2="0" tag="650"><subfield code="a">Theology</subfield><subfield code="v">Early works to 1800</subfield></datafield><datafield ind1=" " ind2="7" tag="655"><subfield code="a">Ausgabe</subfield><subfield code="2">idszbz</subfield></datafield><datafield ind1="1" ind2=" " tag="700"><subfield code="a">Sani, Chiara</subfield></datafield><datafield ind1="1" ind2=" " tag="700"><subfield code="6">880-02</subfield><subfield code="a">Moreschini, Claudio</subfield><subfield code="d">1938-</subfield><subfield code="0">(DE-588)1028672292</subfield></datafield><datafield ind1="1" ind2=" " tag="880"><subfield code="6">700-02</subfield><subfield code="a">Moreschini, Claudio</subfield><subfield code="d">1938-....</subfield><subfield code="0">(IDREF)028319362</subfield></datafield><datafield ind1=" " ind2=" " tag="830"><subfield code="a">&lt;&lt;Il&gt;&gt; pensiero occidentale</subfield><subfield code="p">Bompiani</subfield><subfield code="w">(RERO)R003027684-41slsp</subfield></datafield><datafield ind1=" " ind2=" " tag="900"><subfield code="a">REROnoselfmerge</subfield></datafield><datafield ind1=" " ind2=" " tag="900"><subfield code="a">IDSZ2zbzmon200205f</subfield><subfield code="c">IDSZ2haab</subfield><subfield code="d">IDSZ2zbzswk200205b</subfield><subfield code="e">IDSZ2haag</subfield></datafield></record>
</metadata></record>