<record><header><identifier>oai:alma.41SLSP_UGE:991000034869705502</identifier><datestamp>2023-11-25T01:56:58Z</datestamp><setSpec>uge_bcen_RapidILL_BOOK</setSpec><setSpec>uge_aaca_RapidILL_BOOK</setSpec><setSpec>uge_abels_RapidILL_BOOK</setSpec><setSpec>uge_dbu_RapidILL_BOOK</setSpec><setSpec>uge_cmu_RapidILL_BOOK</setSpec><setSpec>uge_mail_RapidILL_BOOK</setSpec><setSpec>uge_abbat_RapidILL_BOOK</setSpec><setSpec>UNIGE_ALL</setSpec><setSpec>uge_aobs_RapidILL_BOOK</setSpec><setSpec>uge_acar_RapidILL_BOOK</setSpec></header><metadata>
<record xmlns="http://www.loc.gov/MARC21/slim" xmlns:xsi="http://www.w3.org/2001/XMLSchema-instance" xsi:schemaLocation="http://www.loc.gov/MARC21/slim http://www.loc.gov/standards/marcxml/schema/MARC21slim.xsd"><leader>02919naa a2200577 c 4500</leader><controlfield tag="001">991000034869705502</controlfield><controlfield tag="005">20230630214122.0</controlfield><controlfield tag="008">100325s2010    sz ||||| |||| 00| ||fre d</controlfield><datafield ind1=" " ind2=" " tag="035"><subfield code="a">(swissbib)110151925-41slsp_network</subfield></datafield><datafield ind1=" " ind2=" " tag="035"><subfield code="a">110151925</subfield><subfield code="9">ExL</subfield></datafield><datafield ind1=" " ind2=" " tag="035"><subfield code="a">(RERO)R005415028-41slsp</subfield></datafield><datafield ind1=" " ind2=" " tag="035"><subfield code="a">(ALEX)bv001449806</subfield></datafield><datafield ind1=" " ind2=" " tag="035"><subfield code="a">(EXLNZ-41SLSP_NETWORK)991157156839705501</subfield></datafield><datafield ind1=" " ind2=" " tag="040"><subfield code="a">RERO iftfla</subfield><subfield code="d">CH-ZuSLS</subfield></datafield><datafield ind1=" " ind2=" " tag="044"><subfield code="a">sz</subfield><subfield code="c">ch-zh</subfield></datafield><datafield ind1=" " ind2="7" tag="072"><subfield code="a">dr</subfield><subfield code="2">rero</subfield></datafield><datafield ind1=" " ind2=" " tag="084"><subfield code="a">CA/CH 54 i</subfield><subfield code="2">cjurrom</subfield></datafield><datafield ind1=" " ind2=" " tag="084"><subfield code="a">CA/CH 66.1 i</subfield><subfield code="2">cjurrom</subfield></datafield><datafield ind1="1" ind2=" " tag="100"><subfield code="a">Vries Reilingh, Daniel de</subfield><subfield code="d">19..-....</subfield><subfield code="0">(IDREF)109140869</subfield><subfield code="4">cre</subfield></datafield><datafield ind1="1" ind2="0" tag="245"><subfield code="a">&lt;&lt;Les&gt;&gt; conséquences fiscales en cas de séparation et de divorce</subfield><subfield code="b">mode d'emploi pour le praticien</subfield><subfield code="c">Daniel de Vries Reilingh</subfield></datafield><datafield ind1=" " ind2=" " tag="336"><subfield code="b">txt</subfield><subfield code="2">rdacontent</subfield></datafield><datafield ind1=" " ind2=" " tag="337"><subfield code="b">n</subfield><subfield code="2">rdamedia</subfield></datafield><datafield ind1=" " ind2=" " tag="338"><subfield code="b">nc</subfield><subfield code="2">rdacarrier</subfield></datafield><datafield ind1=" " ind2=" " tag="500"><subfield code="a">Texte en français avec résumé en allemand</subfield></datafield><datafield ind1=" " ind2=" " tag="580"><subfield code="a">In: PJA. - Zürich. - Vol. 19(2010), no 3, p. 267-288</subfield></datafield><datafield ind1=" " ind2="7" tag="650"><subfield code="a">Abgaberecht</subfield><subfield code="9">ger</subfield><subfield code="0">(RERO)jurivoc000000140ger</subfield><subfield code="2">jurivoc</subfield></datafield><datafield ind1=" " ind2="7" tag="650"><subfield code="a">Steuer</subfield><subfield code="9">ger</subfield><subfield code="0">(RERO)jurivoc000021368ger</subfield><subfield code="2">jurivoc</subfield></datafield><datafield ind1=" " ind2="7" tag="650"><subfield code="a">Ehescheidung</subfield><subfield code="9">ger</subfield><subfield code="0">(RERO)jurivoc000006138ger</subfield><subfield code="2">jurivoc</subfield></datafield><datafield ind1=" " ind2="7" tag="650"><subfield code="a">Ehetrennung</subfield><subfield code="9">ger</subfield><subfield code="0">(RERO)jurivoc000006153ger</subfield><subfield code="2">jurivoc</subfield></datafield><datafield ind1=" " ind2="7" tag="650"><subfield code="a">Steuer vom Einkommen</subfield><subfield code="9">ger</subfield><subfield code="0">(RERO)jurivoc000021372ger</subfield><subfield code="2">jurivoc</subfield></datafield><datafield ind1=" " ind2="7" tag="650"><subfield code="a">Steuermass</subfield><subfield code="9">ger</subfield><subfield code="0">(RERO)jurivoc000021430ger</subfield><subfield code="2">jurivoc</subfield></datafield><datafield ind1=" " ind2="7" tag="650"><subfield code="a">Abzug vom Einkommen(Steuerrecht)</subfield><subfield code="9">ger</subfield><subfield code="0">(RERO)jurivoc000000524ger</subfield><subfield code="2">jurivoc</subfield></datafield><datafield ind1=" " ind2="7" tag="650"><subfield code="a">Besteuerung der Familie</subfield><subfield code="9">ger</subfield><subfield code="0">(RERO)jurivoc000003606ger</subfield><subfield code="2">jurivoc</subfield></datafield><datafield ind1=" " ind2="7" tag="650"><subfield code="a">Steuerfreibetrag</subfield><subfield code="9">ger</subfield><subfield code="0">(RERO)jurivoc000021411ger</subfield><subfield code="2">jurivoc</subfield></datafield><datafield ind1=" " ind2="7" tag="650"><subfield code="a">Ehegatte</subfield><subfield code="9">ger</subfield><subfield code="0">(RERO)jurivoc000006114ger</subfield><subfield code="2">jurivoc</subfield></datafield><datafield ind1=" " ind2="7" tag="650"><subfield code="a">geschiedene Person</subfield><subfield code="9">ger</subfield><subfield code="0">(RERO)jurivoc000009799ger</subfield><subfield code="2">jurivoc</subfield></datafield><datafield ind1=" " ind2="7" tag="650"><subfield code="a">Unterhaltspflicht</subfield><subfield code="9">ger</subfield><subfield code="0">(RERO)jurivoc000023835ger</subfield><subfield code="2">jurivoc</subfield></datafield><datafield ind1=" " ind2="7" tag="650"><subfield code="a">Kind</subfield><subfield code="9">ger</subfield><subfield code="0">(RERO)jurivoc000012718ger</subfield><subfield code="2">jurivoc</subfield></datafield><datafield ind1=" " ind2="7" tag="650"><subfield code="a">Teilung(allgemein)</subfield><subfield code="9">ger</subfield><subfield code="0">(RERO)jurivoc000022309ger</subfield><subfield code="2">jurivoc</subfield></datafield><datafield ind1=" " ind2="7" tag="650"><subfield code="a">berufliche Vorsorge</subfield><subfield code="9">ger</subfield><subfield code="0">(RERO)jurivoc000003305ger</subfield><subfield code="2">jurivoc</subfield></datafield><datafield ind1=" " ind2="7" tag="650"><subfield code="a">Freizügigkeitsleistung</subfield><subfield code="9">ger</subfield><subfield code="0">(RERO)jurivoc000008816ger</subfield><subfield code="2">jurivoc</subfield></datafield><datafield ind1=" " ind2="7" tag="650"><subfield code="a">Güterrechtliche Auseinandersetzung</subfield><subfield code="9">ger</subfield><subfield code="0">(RERO)jurivoc000010575ger</subfield><subfield code="2">jurivoc</subfield></datafield><datafield ind1=" " ind2="7" tag="650"><subfield code="a">Bundesrecht</subfield><subfield code="9">ger</subfield><subfield code="0">(RERO)jurivoc000004898ger</subfield><subfield code="2">jurivoc</subfield></datafield><datafield ind1=" " ind2="7" tag="650"><subfield code="a">kantonales Recht</subfield><subfield code="9">ger</subfield><subfield code="0">(RERO)jurivoc000012405ger</subfield><subfield code="2">jurivoc</subfield></datafield><datafield ind1=" " ind2="7" tag="650"><subfield code="a">Rechtsvergleichung</subfield><subfield code="9">ger</subfield><subfield code="0">(RERO)jurivoc000018481ger</subfield><subfield code="2">jurivoc</subfield></datafield><datafield ind1=" " ind2="7" tag="651"><subfield code="a">Schweiz</subfield><subfield code="9">ger</subfield><subfield code="0">(RERO)jurivoc000019912ger</subfield><subfield code="2">jurivoc</subfield></datafield><datafield ind1=" " ind2="7" tag="651"><subfield code="a">Bern(Kanton)</subfield><subfield code="9">ger</subfield><subfield code="0">(RERO)jurivoc000003287ger</subfield><subfield code="2">jurivoc</subfield></datafield><datafield ind1=" " ind2="7" tag="651"><subfield code="a">Neuenburg(Kanton)</subfield><subfield code="9">ger</subfield><subfield code="0">(RERO)jurivoc000015832ger</subfield><subfield code="2">jurivoc</subfield></datafield><datafield ind1=" " ind2="7" tag="651"><subfield code="a">Jura</subfield><subfield code="9">ger</subfield><subfield code="0">(RERO)jurivoc000012263ger</subfield><subfield code="2">jurivoc</subfield></datafield><datafield ind1=" " ind2="7" tag="651"><subfield code="a">Genf(Kanton)</subfield><subfield code="9">ger</subfield><subfield code="0">(RERO)jurivoc000009538ger</subfield><subfield code="2">jurivoc</subfield></datafield><datafield ind1=" " ind2="7" tag="651"><subfield code="a">Wallis</subfield><subfield code="9">ger</subfield><subfield code="0">(RERO)jurivoc000026102ger</subfield><subfield code="2">jurivoc</subfield></datafield><datafield ind1=" " ind2="7" tag="651"><subfield code="a">Freiburg(Kanton)</subfield><subfield code="9">ger</subfield><subfield code="0">(RERO)jurivoc000008708ger</subfield><subfield code="2">jurivoc</subfield></datafield><datafield ind1="0" ind2=" " tag="773"><subfield code="t">AJP : Aktuelle juristische Praxis</subfield><subfield code="g">2010/267</subfield><subfield code="g">yr:2010</subfield></datafield></record>
</metadata></record>