<record><header><identifier>oai:alma.41SLSP_UGE:991000035709705502</identifier><datestamp>2023-03-01T01:08:47Z</datestamp><setSpec>uge_bcen_RapidILL_BOOK</setSpec><setSpec>uge_aaca_RapidILL_BOOK</setSpec><setSpec>uge_abels_RapidILL_BOOK</setSpec><setSpec>uge_dbu_RapidILL_BOOK</setSpec><setSpec>uge_cmu_RapidILL_BOOK</setSpec><setSpec>uge_mail_RapidILL_BOOK</setSpec><setSpec>UNIGE_ALL</setSpec><setSpec>uge_abbat_RapidILL_BOOK</setSpec><setSpec>uge_aobs_RapidILL_BOOK</setSpec><setSpec>uge_acar_RapidILL_BOOK</setSpec></header><metadata>
<record xmlns="http://www.loc.gov/MARC21/slim" xmlns:xsi="http://www.w3.org/2001/XMLSchema-instance" xsi:schemaLocation="http://www.loc.gov/MARC21/slim http://www.loc.gov/standards/marcxml/schema/MARC21slim.xsd"><leader>01085nam a2200289 c 4500</leader><controlfield tag="001">991000035709705502</controlfield><controlfield tag="005">20201227133341.0</controlfield><controlfield tag="008">011010s1960    it ||||| |||| 10| ||eng d</controlfield><datafield ind1=" " ind2=" " tag="035"><subfield code="a">(swissbib)09721938X-41slsp_network</subfield></datafield><datafield ind1=" " ind2=" " tag="035"><subfield code="a">09721938X</subfield><subfield code="9">ExL</subfield></datafield><datafield ind1=" " ind2=" " tag="035"><subfield code="a">(RERO)R003101581-41slsp</subfield></datafield><datafield ind1=" " ind2=" " tag="035"><subfield code="a">(EXLNZ-41SLSP_NETWORK)991043025289705501</subfield></datafield><datafield ind1=" " ind2=" " tag="040"><subfield code="a">RERO neubc-</subfield><subfield code="d">CH-ZuSLS</subfield></datafield><datafield ind1="0" ind2=" " tag="041"><subfield code="a">ita</subfield><subfield code="a">eng</subfield></datafield><datafield ind1=" " ind2="7" tag="072"><subfield code="a">py</subfield><subfield code="2">rero</subfield></datafield><datafield ind1="0" ind2="0" tag="245"><subfield code="a">Termodinamica dei processi irreversibili</subfield><subfield code="c">dir. S.R. de Groot</subfield></datafield><datafield ind1=" " ind2="1" tag="264"><subfield code="a">Bologna</subfield><subfield code="b">Nicola Zanichelli</subfield><subfield code="c">1960</subfield></datafield><datafield ind1=" " ind2=" " tag="300"><subfield code="a">XII, 317 p.</subfield><subfield code="b">ill.</subfield><subfield code="c">25 cm</subfield></datafield><datafield ind1=" " ind2=" " tag="336"><subfield code="b">txt</subfield><subfield code="2">rdacontent</subfield></datafield><datafield ind1=" " ind2=" " tag="337"><subfield code="b">n</subfield><subfield code="2">rdamedia</subfield></datafield><datafield ind1=" " ind2=" " tag="338"><subfield code="b">nc</subfield><subfield code="2">rdacarrier</subfield></datafield><datafield ind1="1" ind2=" " tag="490"><subfield code="a">Rendiconti della Scuola internazionale di fisica &quot;Enrico Fermi&quot;</subfield><subfield code="v">10</subfield></datafield><datafield ind1=" " ind2=" " tag="500"><subfield code="a">Le cours a eu lieu du 15-19 juin 1959</subfield></datafield><datafield ind1=" " ind2=" " tag="504"><subfield code="a">Bibliogr.</subfield></datafield><datafield ind1="1" ind2=" " tag="700"><subfield code="a">Groot, Sybren Ruurds de</subfield><subfield code="d">1916-1994</subfield><subfield code="0">(IDREF)032888864</subfield></datafield><datafield ind1="2" ind2=" " tag="710"><subfield code="a">Scuola Internazionale di Fisica &quot;Enrico Fermi&quot;</subfield><subfield code="b">Corso</subfield><subfield code="n">10</subfield><subfield code="d">1959</subfield><subfield code="c">Varenna</subfield><subfield code="0">(RERO)A012517541</subfield></datafield><datafield ind1=" " ind2=" " tag="830"><subfield code="a">Rendiconti della Scuola internazionale di fisica &quot;Enrico Fermi&quot;</subfield><subfield code="v">10</subfield><subfield code="w">(RERO)0531290-41slsp</subfield></datafield><datafield ind1=" " ind2=" " tag="900"><subfield code="a">REROnoselfmerge</subfield></datafield></record>
</metadata></record>