<record><header><identifier>oai:alma.41SLSP_UGE:991000035819705502</identifier><datestamp>2023-06-30T00:19:02Z</datestamp><setSpec>uge_bcen_RapidILL_BOOK</setSpec><setSpec>uge_aaca_RapidILL_BOOK</setSpec><setSpec>uge_abels_RapidILL_BOOK</setSpec><setSpec>uge_dbu_RapidILL_BOOK</setSpec><setSpec>uge_cmu_RapidILL_BOOK</setSpec><setSpec>uge_mail_RapidILL_BOOK</setSpec><setSpec>uge_abbat_RapidILL_BOOK</setSpec><setSpec>UNIGE_ALL</setSpec><setSpec>uge_aobs_RapidILL_BOOK</setSpec><setSpec>uge_acar_RapidILL_BOOK</setSpec></header><metadata>
<record xmlns="http://www.loc.gov/MARC21/slim" xmlns:xsi="http://www.w3.org/2001/XMLSchema-instance" xsi:schemaLocation="http://www.loc.gov/MARC21/slim http://www.loc.gov/standards/marcxml/schema/MARC21slim.xsd"><leader>02021naa a2200433 c 4500</leader><controlfield tag="001">991000035819705502</controlfield><controlfield tag="005">20230629184653.0</controlfield><controlfield tag="008">110325s2011    sz ||||| |||| 00| ||ger d</controlfield><datafield ind1=" " ind2=" " tag="035"><subfield code="a">(swissbib)113237294-41slsp_network</subfield></datafield><datafield ind1=" " ind2=" " tag="035"><subfield code="a">113237294</subfield><subfield code="9">ExL</subfield></datafield><datafield ind1=" " ind2=" " tag="035"><subfield code="a">(RERO)R005970795-41slsp</subfield></datafield><datafield ind1=" " ind2=" " tag="035"><subfield code="a">(EXLNZ-41SLSP_NETWORK)991056545119705501</subfield></datafield><datafield ind1=" " ind2=" " tag="040"><subfield code="a">RERO iftflu</subfield><subfield code="d">CH-ZuSLS</subfield></datafield><datafield ind1=" " ind2=" " tag="044"><subfield code="a">sz</subfield><subfield code="c">ch-zh</subfield></datafield><datafield ind1=" " ind2="7" tag="072"><subfield code="a">dr</subfield><subfield code="2">rero</subfield></datafield><datafield ind1=" " ind2=" " tag="084"><subfield code="a">CA/CH 57.1 i</subfield><subfield code="2">cjurrom</subfield></datafield><datafield ind1="1" ind2=" " tag="100"><subfield code="a">Kehl, Dieter</subfield><subfield code="0">(RERO)A003446865</subfield><subfield code="4">cre</subfield></datafield><datafield ind1="1" ind2="0" tag="245"><subfield code="a">Gedanken zum BGE 136 V 279</subfield><subfield code="c">Dieter Kehl</subfield></datafield><datafield ind1=" " ind2=" " tag="336"><subfield code="b">txt</subfield><subfield code="2">rdacontent</subfield></datafield><datafield ind1=" " ind2=" " tag="337"><subfield code="b">n</subfield><subfield code="2">rdamedia</subfield></datafield><datafield ind1=" " ind2=" " tag="338"><subfield code="b">nc</subfield><subfield code="2">rdacarrier</subfield></datafield><datafield ind1=" " ind2=" " tag="580"><subfield code="a">In: HAVE. - Zürich. - 2011, H. 1, S. 86-87</subfield></datafield><datafield ind1=" " ind2="7" tag="650"><subfield code="a">IV</subfield><subfield code="9">ger</subfield><subfield code="0">(RERO)jurivoc000012152ger</subfield><subfield code="2">jurivoc</subfield></datafield><datafield ind1=" " ind2="7" tag="650"><subfield code="a">Invaliditätsbemessung</subfield><subfield code="9">ger</subfield><subfield code="0">(RERO)jurivoc000012052ger</subfield><subfield code="2">jurivoc</subfield></datafield><datafield ind1=" " ind2="7" tag="650"><subfield code="a">Schleudertrauma</subfield><subfield code="9">ger</subfield><subfield code="0">(RERO)jurivoc000019589ger</subfield><subfield code="2">jurivoc</subfield></datafield><datafield ind1=" " ind2="7" tag="650"><subfield code="a">Invalidität</subfield><subfield code="9">ger</subfield><subfield code="0">(RERO)jurivoc000012048ger</subfield><subfield code="2">jurivoc</subfield></datafield><datafield ind1=" " ind2="7" tag="650"><subfield code="a">Erwerbsunfähigkeit</subfield><subfield code="9">ger</subfield><subfield code="0">(RERO)jurivoc000007553ger</subfield><subfield code="2">jurivoc</subfield></datafield><datafield ind1=" " ind2="7" tag="650"><subfield code="a">Arbeitsunfähigkeit</subfield><subfield code="9">ger</subfield><subfield code="0">(RERO)jurivoc000001695ger</subfield><subfield code="2">jurivoc</subfield></datafield><datafield ind1=" " ind2="7" tag="650"><subfield code="a">Bemessung der Arbeitsunfähigkeit</subfield><subfield code="9">ger</subfield><subfield code="0">(RERO)jurivoc000003191ger</subfield><subfield code="2">jurivoc</subfield></datafield><datafield ind1=" " ind2="7" tag="650"><subfield code="a">Zumutbarkeit</subfield><subfield code="9">ger</subfield><subfield code="0">(RERO)jurivoc000027341ger</subfield><subfield code="2">jurivoc</subfield></datafield><datafield ind1=" " ind2="7" tag="650"><subfield code="a">Krankheitswert</subfield><subfield code="9">ger</subfield><subfield code="0">(RERO)jurivoc000013578ger</subfield><subfield code="2">jurivoc</subfield></datafield><datafield ind1=" " ind2="7" tag="650"><subfield code="a">Analogie</subfield><subfield code="9">ger</subfield><subfield code="0">(RERO)jurivoc000001042ger</subfield><subfield code="2">jurivoc</subfield></datafield><datafield ind1=" " ind2="7" tag="650"><subfield code="a">somatoforme Schmerzstörung</subfield><subfield code="9">ger</subfield><subfield code="0">(RERO)jurivoc000020408ger</subfield><subfield code="2">jurivoc</subfield></datafield><datafield ind1=" " ind2="7" tag="650"><subfield code="a">Gerichts- und Verwaltungspraxis</subfield><subfield code="9">ger</subfield><subfield code="0">(RERO)jurivoc000009624ger</subfield><subfield code="2">jurivoc</subfield></datafield><datafield ind1=" " ind2="7" tag="650"><subfield code="a">richterliche Behörde</subfield><subfield code="9">ger</subfield><subfield code="0">(RERO)jurivoc000018932ger</subfield><subfield code="2">jurivoc</subfield></datafield><datafield ind1=" " ind2="7" tag="650"><subfield code="a">oberstes Gericht</subfield><subfield code="9">ger</subfield><subfield code="0">(RERO)jurivoc000016213ger</subfield><subfield code="2">jurivoc</subfield></datafield><datafield ind1=" " ind2="7" tag="650"><subfield code="a">Bundesgericht</subfield><subfield code="9">ger</subfield><subfield code="0">(RERO)jurivoc000004684ger</subfield><subfield code="2">jurivoc</subfield></datafield><datafield ind1=" " ind2="7" tag="651"><subfield code="a">Schweiz</subfield><subfield code="9">ger</subfield><subfield code="0">(RERO)jurivoc000019912ger</subfield><subfield code="2">jurivoc</subfield></datafield><datafield ind1=" " ind2="7" tag="655"><subfield code="a">Kommentar(Bemerkung)</subfield><subfield code="9">ger</subfield><subfield code="2">jurivoc</subfield><subfield code="0">(RERO)jurivoc000013037ger</subfield></datafield><datafield ind1="0" ind2=" " tag="773"><subfield code="t">HAVE : Haftung und Versicherung</subfield><subfield code="g">2011/86</subfield><subfield code="g">yr:2011</subfield><subfield code="w">(RERO)R003129026-41slsp</subfield></datafield></record>
</metadata></record>