<record><header><identifier>oai:alma.41SLSP_UGE:991000035609705502</identifier><datestamp>2023-03-28T00:13:28Z</datestamp><setSpec>uge_bcen_RapidILL_BOOK</setSpec><setSpec>uge_aaca_RapidILL_BOOK</setSpec><setSpec>uge_abels_RapidILL_BOOK</setSpec><setSpec>uge_dbu_RapidILL_BOOK</setSpec><setSpec>uge_cmu_RapidILL_BOOK</setSpec><setSpec>uge_mail_RapidILL_BOOK</setSpec><setSpec>uge_abbat_RapidILL_BOOK</setSpec><setSpec>UNIGE_ALL</setSpec><setSpec>uge_acar_RapidILL_BOOK</setSpec><setSpec>uge_aobs_RapidILL_BOOK</setSpec></header><metadata>
<record xmlns="http://www.loc.gov/MARC21/slim" xmlns:xsi="http://www.w3.org/2001/XMLSchema-instance" xsi:schemaLocation="http://www.loc.gov/MARC21/slim http://www.loc.gov/standards/marcxml/schema/MARC21slim.xsd"><leader>01849nam a2200469 c 4500</leader><controlfield tag="001">991000035609705502</controlfield><controlfield tag="005">20230327182703.0</controlfield><controlfield tag="008">201012s1980    gw ||||| |||| 00| ||ger d</controlfield><datafield ind1=" " ind2=" " tag="019"><subfield code="a">ZBZ: Verlust Ausg. 1964 (TK 411: 6) durch 3rd print. (1980) ersetzt, neue Signatur: TK 411: 6 Ed 3</subfield><subfield code="5">NEBIS/1.7.2005 meyc</subfield></datafield><datafield ind1=" " ind2=" " tag="035"><subfield code="a">(swissbib)242473350-41slsp_network</subfield></datafield><datafield ind1=" " ind2=" " tag="035"><subfield code="a">242473350</subfield><subfield code="9">ExL</subfield></datafield><datafield ind1=" " ind2=" " tag="035"><subfield code="a">(RERO)1144443-41slsp</subfield></datafield><datafield ind1=" " ind2=" " tag="035"><subfield code="a">(NEBIS)004945857EBI01</subfield></datafield><datafield ind1=" " ind2=" " tag="035"><subfield code="a">(IDSBB)004944389DSV01</subfield></datafield><datafield ind1=" " ind2=" " tag="035"><subfield code="a">(IDSLU)000282543ILU01</subfield></datafield><datafield ind1=" " ind2=" " tag="035"><subfield code="a">(EXLNZ-41SLSP_NETWORK)991114234709705501</subfield></datafield><datafield ind1=" " ind2=" " tag="040"><subfield code="a">RERO geuth-</subfield><subfield code="d">CH-ZuSLS</subfield></datafield><datafield ind1=" " ind2="7" tag="072"><subfield code="a">lg</subfield><subfield code="2">rero</subfield></datafield><datafield ind1=" " ind2="7" tag="072"><subfield code="a">730</subfield><subfield code="2">IDS LU</subfield></datafield><datafield ind1="0" ind2="4" tag="082"><subfield code="a">492</subfield></datafield><datafield ind1=" " ind2=" " tag="084"><subfield code="a">BC 1064</subfield><subfield code="2">rvk</subfield></datafield><datafield ind1=" " ind2=" " tag="084"><subfield code="a">EM 4350</subfield><subfield code="2">rvk</subfield></datafield><datafield ind1="0" ind2="0" tag="245"><subfield code="a">&lt;&lt;An&gt;&gt; introduction to the comparative grammar of the Semitic languages</subfield><subfield code="b">phonology and morphology</subfield><subfield code="c">by Sabatino Moscati... [et al.]</subfield></datafield><datafield ind1=" " ind2=" " tag="250"><subfield code="a">3rd printing</subfield></datafield><datafield ind1=" " ind2="1" tag="264"><subfield code="a">Wiesbaden</subfield><subfield code="b">O. Harrassowitz</subfield><subfield code="c">1980</subfield></datafield><datafield ind1=" " ind2=" " tag="300"><subfield code="a">VIII, 185 p.</subfield><subfield code="c">23 cm</subfield></datafield><datafield ind1=" " ind2=" " tag="336"><subfield code="b">txt</subfield><subfield code="2">rdacontent</subfield></datafield><datafield ind1=" " ind2=" " tag="337"><subfield code="b">n</subfield><subfield code="2">rdamedia</subfield></datafield><datafield ind1=" " ind2=" " tag="338"><subfield code="b">nc</subfield><subfield code="2">rdacarrier</subfield></datafield><datafield ind1="1" ind2=" " tag="490"><subfield code="a">Porta linguarum orientalium. Neue Serie</subfield><subfield code="v">6</subfield></datafield><datafield ind1=" " ind2=" " tag="504"><subfield code="a">Bibliogr.: pp. 171-185</subfield></datafield><datafield ind1=" " ind2="7" tag="650"><subfield code="a">Grammaire comparée</subfield><subfield code="0">(IDREF)027801683</subfield><subfield code="2">idref</subfield></datafield><datafield ind1=" " ind2="7" tag="650"><subfield code="a">Langues sémitiques</subfield><subfield code="0">(IDREF)027304604</subfield><subfield code="2">idref</subfield></datafield><datafield ind1=" " ind2="7" tag="650"><subfield code="a">Semitische Sprachen</subfield><subfield code="2">idszbz</subfield></datafield><datafield ind1=" " ind2="7" tag="650"><subfield code="a">Vergleichende Sprachwissenschaft</subfield><subfield code="2">idszbz</subfield></datafield><datafield ind1=" " ind2="0" tag="650"><subfield code="a">Semitic languages</subfield><subfield code="x">Grammar, Comparative</subfield></datafield><datafield ind1=" " ind2="7" tag="650"><subfield code="a">Grammatik</subfield><subfield code="0">(DE-588)4021806-5</subfield><subfield code="2">gnd</subfield></datafield><datafield ind1=" " ind2="7" tag="650"><subfield code="a">Semitische Sprachen</subfield><subfield code="0">(DE-588)4116476-3</subfield><subfield code="2">gnd</subfield></datafield><datafield ind1="1" ind2=" " tag="700"><subfield code="a">Moscati, Sabatino</subfield><subfield code="d">1922-1997</subfield><subfield code="0">(DE-588)119038552</subfield><subfield code="6">880-02</subfield></datafield><datafield ind1="1" ind2=" " tag="880"><subfield code="6">700-02</subfield><subfield code="a">Moscati, Sabatino</subfield><subfield code="d">1922-1997</subfield><subfield code="0">(IDREF)027039609</subfield></datafield><datafield ind1=" " ind2=" " tag="830"><subfield code="a">Porta linguarum Orientalium</subfield><subfield code="p">Neue Serie</subfield><subfield code="v">6</subfield><subfield code="w">(RERO)0000155-41slsp</subfield></datafield><datafield ind1=" " ind2=" " tag="900"><subfield code="a">REROnoselfmerge</subfield></datafield><datafield ind1=" " ind2=" " tag="900"><subfield code="a">IDSZ2zbzmon200507e</subfield><subfield code="c">IDSZ2meyc</subfield><subfield code="d">IDSZ2zbzswk200507b</subfield><subfield code="e">IDSZ2brua</subfield></datafield></record>
</metadata></record>