<record><header><identifier>oai:alma.41SLSP_UGE:991000035419705502</identifier><datestamp>2023-04-09T00:19:07Z</datestamp><setSpec>uge_bcen_RapidILL_BOOK</setSpec><setSpec>uge_aaca_RapidILL_BOOK</setSpec><setSpec>uge_abels_RapidILL_BOOK</setSpec><setSpec>uge_dbu_RapidILL_BOOK</setSpec><setSpec>uge_cmu_RapidILL_BOOK</setSpec><setSpec>uge_mail_RapidILL_BOOK</setSpec><setSpec>UNIGE_ALL</setSpec><setSpec>uge_abbat_RapidILL_BOOK</setSpec><setSpec>uge_aobs_RapidILL_BOOK</setSpec><setSpec>uge_acar_RapidILL_BOOK</setSpec></header><metadata>
<record xmlns="http://www.loc.gov/MARC21/slim" xmlns:xsi="http://www.w3.org/2001/XMLSchema-instance" xsi:schemaLocation="http://www.loc.gov/MARC21/slim http://www.loc.gov/standards/marcxml/schema/MARC21slim.xsd"><leader>05233nam a2200721 c 4500</leader><controlfield tag="001">991000035419705502</controlfield><controlfield tag="005">20230408191407.0</controlfield><controlfield tag="008">201011s2013    fr            10| | fre|d</controlfield><datafield ind1=" " ind2=" " tag="020"><subfield code="a">2759219763</subfield><subfield code="q">br</subfield></datafield><datafield ind1=" " ind2=" " tag="020"><subfield code="a">9782759219766</subfield><subfield code="q">br</subfield></datafield><datafield ind1="7" ind2=" " tag="024"><subfield code="a">http://catalogue.bnf.fr/ark:/12148/cb436307474</subfield><subfield code="2">uri</subfield></datafield><datafield ind1=" " ind2=" " tag="035"><subfield code="a">(swissbib)225987929-41slsp_network</subfield></datafield><datafield ind1=" " ind2=" " tag="035"><subfield code="a">225987929</subfield><subfield code="9">ExL</subfield></datafield><datafield ind1=" " ind2=" " tag="035"><subfield code="a">(IDSBB)006215900DSV01</subfield></datafield><datafield ind1=" " ind2=" " tag="035"><subfield code="a">(RERO)R007506391-41slsp</subfield></datafield><datafield ind1=" " ind2=" " tag="035"><subfield code="a">(NEBIS)010031903EBI01</subfield></datafield><datafield ind1=" " ind2=" " tag="035"><subfield code="a">(OCoLC)861189725</subfield></datafield><datafield ind1=" " ind2=" " tag="035"><subfield code="a">(OCoLC)862743630</subfield></datafield><datafield ind1=" " ind2=" " tag="035"><subfield code="a">(EXLNZ-41SLSP_NETWORK)991063896929705501</subfield></datafield><datafield ind1=" " ind2=" " tag="040"><subfield code="a">PIT</subfield><subfield code="e">kids</subfield><subfield code="d">CH-ZuSLS</subfield></datafield><datafield ind1="0" ind2=" " tag="041"><subfield code="a">fre</subfield></datafield><datafield ind1=" " ind2=" " tag="050"><subfield code="a">Q175.5</subfield><subfield code="b">.C58 2013</subfield></datafield><datafield ind1=" " ind2="7" tag="072"><subfield code="a">fl</subfield><subfield code="2">SzZuIDS BS/BE</subfield></datafield><datafield ind1=" " ind2="7" tag="072"><subfield code="a">gw</subfield><subfield code="2">SzZuIDS BS/BE</subfield></datafield><datafield ind1=" " ind2="7" tag="072"><subfield code="a">sg</subfield><subfield code="2">rero</subfield></datafield><datafield ind1="0" ind2="4" tag="082"><subfield code="a">507</subfield><subfield code="2">22</subfield></datafield><datafield ind1="0" ind2="4" tag="082"><subfield code="a">509</subfield></datafield><datafield ind1="1" ind2="4" tag="082"><subfield code="a">840</subfield><subfield code="2">15</subfield></datafield><datafield ind1="1" ind2=" " tag="100"><subfield code="6">880-01</subfield><subfield code="a">Citton, Yves</subfield><subfield code="d">1962-....</subfield><subfield code="0">(IDREF)029812682</subfield><subfield code="4">cre</subfield></datafield><datafield ind1="1" ind2=" " tag="880"><subfield code="a">Citton, Yves</subfield><subfield code="d">1962-</subfield><subfield code="0">(DE-588)172021464</subfield><subfield code="6">100-01</subfield></datafield><datafield ind1="1" ind2="0" tag="245"><subfield code="a">Pour une interprétation littéraire des controverses scientifiques</subfield><subfield code="b">Conférences-débats organisées par le groupe Sciences en questions à l'Inra en 2012: le 8 juin à Versailles ; le 26 juin à Montpellier</subfield><subfield code="c">Yves Citton</subfield></datafield><datafield ind1=" " ind2="1" tag="264"><subfield code="a">Versailles</subfield><subfield code="b">Éditions Quae</subfield><subfield code="c">2013</subfield></datafield><datafield ind1=" " ind2=" " tag="300"><subfield code="a">175 p.</subfield></datafield><datafield ind1=" " ind2=" " tag="336"><subfield code="b">txt</subfield><subfield code="2">rdacontent</subfield></datafield><datafield ind1=" " ind2=" " tag="337"><subfield code="b">n</subfield><subfield code="2">rdamedia</subfield></datafield><datafield ind1=" " ind2=" " tag="338"><subfield code="b">nc</subfield><subfield code="2">rdacarrier</subfield></datafield><datafield ind1="0" ind2=" " tag="490"><subfield code="a">Sciences en questions</subfield></datafield><datafield ind1=" " ind2=" " tag="500"><subfield code="a">Conférences-débats organisées par le groupe Sciences en questions à l'Inra en 2012 : le 8 juin à Versailles ; le 26 juin à Montpellier</subfield></datafield><datafield ind1=" " ind2=" " tag="504"><subfield code="a">Includes bibliographical references (pages 165-170)</subfield></datafield><datafield ind1="0" ind2=" " tag="505"><subfield code="a">1. Les données scientifiques en question. La référence aux données objectives. Les cadres interprétatifs. Les finalités existentielles. Un quadruple affaissement. Au carrefour de la pertinence. Faire place à l'impertinence. 2. La fausse transparence des textes. Des chiffres ou des lettres. Rationalité argumentative et idéal analytique. Accueillir l'impertinence de partenaires bizarres. &quot; La raison est multiple &quot;. 3. Comment littérariser les controverses cosmopolitiques. Le débat interprétatif. Trois objections. Au carrefour des exigences scientifiques et littéraires. 4. La pensée comme émergence. Débat délibératif et débat spéculatif. L'invention de tiers exclus. De l'opposition d'arguments au mycélium du sens. Apprendre à nager dans les contradictions. 5. Le vendeur et le faucheur. Deux textes sans commune mesure. Accueillir l'étrangeté. Le tourniquet du réalisme. 6. La mise en commun de nos recherches. Le double défi cosmopolitique. Expliciter plutôt qu'expliquer. Chantier des compétences, égalité des incompétences. En nous, entre nous, loin de nous. La reformulation de nos démocraties littéraires.</subfield></datafield><datafield ind1="8" ind2=" " tag="520"><subfield code="a">4e de couv.: Comment les scientifiques peuvent-ils participer aux controverses dont font l'objet certains développements techniques ? En injectant une sensibilité littéraire dans cette participation ! Telle est la thèse du petit ouvrage que vous tenez en main. Yves Citton propose de remplacer les débats délibératifs, inspirés de Jürgen Habermas et de la philosophie analytique, par des débats interprétatifs, nourris des sensibilités et des outils récents des savoirs littéraires. Ceux-ci permettent d'analyser les enjeux associés à la notion de pertinence et de questionner les jugements formulés au nom de la compétence. Au travers d'illustrations telles qu'un poème d'Henri Michaux ou une déclaration de faucheur volontaire d'OGM, l'auteur souligne la connivence profonde entre la recherche scientifique et l'interprétation littéraire. Et en guise d'ouverture finale, il suggère que notre société mondialisée gagnerait à pratiquer davantage la démocratie littéraire, en &quot; littérarisant &quot; ses dispositifs de communication et de débat.</subfield><subfield code="5">RERO/neueth/10.2013</subfield></datafield><datafield ind1=" " ind2="0" tag="650"><subfield code="a">Science</subfield><subfield code="x">Social aspects</subfield></datafield><datafield ind1=" " ind2="0" tag="650"><subfield code="a">Communication in science</subfield></datafield><datafield ind1=" " ind2="0" tag="650"><subfield code="a">Literature and science</subfield></datafield><datafield ind1=" " ind2="7" tag="650"><subfield code="a">Debatte</subfield><subfield code="0">(DE-588)4148952-4</subfield><subfield code="2">gnd</subfield></datafield><datafield ind1=" " ind2="7" tag="650"><subfield code="a">Kontroverse</subfield><subfield code="0">(DE-588)4128337-5</subfield><subfield code="2">gnd</subfield></datafield><datafield ind1=" " ind2="7" tag="650"><subfield code="a">Wissenschaft</subfield><subfield code="0">(DE-588)4066562-8</subfield><subfield code="2">gnd</subfield></datafield><datafield ind1=" " ind2="7" tag="650"><subfield code="a">Interpretation</subfield><subfield code="0">(DE-588)4072905-9</subfield><subfield code="2">gnd</subfield></datafield><datafield ind1=" " ind2="7" tag="650"><subfield code="a">Literaturtheorie</subfield><subfield code="0">(DE-588)4036031-3</subfield><subfield code="2">gnd</subfield></datafield><datafield ind1=" " ind2="7" tag="650"><subfield code="a">Controverses scientifiques</subfield><subfield code="0">(IDREF)031804802</subfield><subfield code="2">idref</subfield></datafield><datafield ind1=" " ind2="7" tag="650"><subfield code="a">Littérature</subfield><subfield code="0">(IDREF)027328570</subfield><subfield code="2">idref</subfield></datafield><datafield ind1=" " ind2="7" tag="650"><subfield code="a">Sciences</subfield><subfield code="0">(IDREF)027248275</subfield><subfield code="2">idref</subfield></datafield><datafield ind1=" " ind2="7" tag="650"><subfield code="a">Wissenschaftstheorie</subfield><subfield code="0">(DE-588)4117665-0</subfield><subfield code="2">gnd</subfield></datafield><datafield ind1=" " ind2="7" tag="650"><subfield code="a">Débats et controverses</subfield><subfield code="2">ram</subfield></datafield><datafield ind1=" " ind2="7" tag="650"><subfield code="a">Controverses scientifiques</subfield><subfield code="2">ram</subfield></datafield><datafield ind1=" " ind2="7" tag="650"><subfield code="a">Littérature et sciences</subfield><subfield code="2">ram</subfield></datafield><datafield ind1=" " ind2="7" tag="655"><subfield code="a">Konferenzschrift</subfield><subfield code="z">Versailles</subfield><subfield code="y">2012</subfield><subfield code="2">gnd-content</subfield></datafield><datafield ind1=" " ind2="7" tag="655"><subfield code="a">Actes de congrès</subfield><subfield code="0">(IDREF)02886431X</subfield><subfield code="2">idref</subfield></datafield><datafield ind1="2" ind2=" " tag="710"><subfield code="a">Institut National de la Recherche Agronomique</subfield><subfield code="g">Paris</subfield><subfield code="b">Groupe Sciences en Questions</subfield><subfield code="0">(DE-588)6110525-9</subfield></datafield><datafield ind1="4" ind2=" " tag="856"><subfield code="3">Titelblatt und Inhaltsverzeichnis</subfield><subfield code="u">https://toc.library.ethz.ch/objects/pdf03/z01_978-2-7592-1976-6_01.pdf</subfield><subfield code="q">pdf</subfield></datafield><datafield ind1=" " ind2=" " tag="900"><subfield code="a">REROnoselfmerge</subfield></datafield><datafield ind1=" " ind2=" " tag="900"><subfield code="a">IDSZ2zbzmon201402f</subfield><subfield code="c">IDSZ2buob</subfield><subfield code="d">IDSZ2zbzswk201407b</subfield><subfield code="e">IDSZ2kara</subfield></datafield><datafield ind1=" " ind2=" " tag="911"><subfield code="a">100</subfield><subfield code="a">Citton, Yves</subfield><subfield code="d">1962-</subfield></datafield><datafield ind1=" " ind2=" " tag="949"><subfield code="a">https://toc.library.ethz.ch/objects/pdf03/z01_978-2-7592-1976-6_01.pdf</subfield></datafield></record>
</metadata></record>