<record><header><identifier>oai:alma.41SLSP_UGE:991000035729705502</identifier><datestamp>2024-03-08T01:27:36Z</datestamp><setSpec>uge_bcen_RapidILL_BOOK</setSpec><setSpec>uge_aaca_RapidILL_BOOK</setSpec><setSpec>uge_abels_RapidILL_BOOK</setSpec><setSpec>uge_dbu_RapidILL_BOOK</setSpec><setSpec>uge_cmu_RapidILL_BOOK</setSpec><setSpec>uge_mail_RapidILL_BOOK</setSpec><setSpec>uge_abbat_RapidILL_BOOK</setSpec><setSpec>UNIGE_ALL</setSpec><setSpec>uge_acar_RapidILL_BOOK</setSpec><setSpec>uge_aobs_RapidILL_BOOK</setSpec></header><metadata>
<record xmlns="http://www.loc.gov/MARC21/slim" xmlns:xsi="http://www.w3.org/2001/XMLSchema-instance" xsi:schemaLocation="http://www.loc.gov/MARC21/slim http://www.loc.gov/standards/marcxml/schema/MARC21slim.xsd"><leader>02909nam a2200769 ca4500</leader><controlfield tag="001">991000035729705502</controlfield><controlfield tag="005">20240307222237.0</controlfield><controlfield tag="008">201011m20179999gw       |||| 000 0 ger|d</controlfield><datafield ind1=" " ind2=" " tag="015"><subfield code="a">15N20</subfield><subfield code="2">dnb</subfield></datafield><datafield ind1=" " ind2=" " tag="019"><subfield code="a">3 Bände geplant</subfield></datafield><datafield ind1=" " ind2=" " tag="020"><subfield code="a">9783788729301</subfield><subfield code="q">Teilbd. 1</subfield><subfield code="q">Vandenhoeck &amp; Ruprecht</subfield></datafield><datafield ind1=" " ind2=" " tag="020"><subfield code="a">9783843606073</subfield><subfield code="q">Teilbd. 1</subfield><subfield code="q">Patmos Verl.</subfield></datafield><datafield ind1=" " ind2=" " tag="035"><subfield code="a">(swissbib)218318480-41slsp_network</subfield></datafield><datafield ind1=" " ind2=" " tag="035"><subfield code="a">218318480</subfield><subfield code="9">ExL</subfield></datafield><datafield ind1=" " ind2=" " tag="035"><subfield code="a">(IDSBB)006710045DSV01</subfield></datafield><datafield ind1=" " ind2=" " tag="035"><subfield code="a">(NEBIS)010922395EBI01</subfield></datafield><datafield ind1=" " ind2=" " tag="035"><subfield code="a">(IDSLU)001284323ILU01</subfield></datafield><datafield ind1=" " ind2=" " tag="035"><subfield code="a">(RERO)R008675226-41slsp</subfield></datafield><datafield ind1=" " ind2=" " tag="035"><subfield code="a">(OCoLC)951085662</subfield></datafield><datafield ind1=" " ind2=" " tag="035"><subfield code="a">(DE-101)1070545376</subfield></datafield><datafield ind1=" " ind2=" " tag="035"><subfield code="a">(DE-101)1070659576</subfield></datafield><datafield ind1=" " ind2=" " tag="035"><subfield code="a">(DE-599)DNB1070545376</subfield></datafield><datafield ind1=" " ind2=" " tag="035"><subfield code="a">(ABN)000813125ABN01</subfield></datafield><datafield ind1=" " ind2=" " tag="035"><subfield code="a">(EXLNZ-41SLSP_NETWORK)991159787879705501</subfield></datafield><datafield ind1=" " ind2=" " tag="040"><subfield code="a">GBVCP</subfield><subfield code="b">ger</subfield><subfield code="e">rda</subfield><subfield code="d">CH-ZuSLS</subfield></datafield><datafield ind1=" " ind2="4" tag="050"><subfield code="a">BS2825.53</subfield></datafield><datafield ind1=" " ind2="7" tag="072"><subfield code="a">730</subfield><subfield code="2">IDS LU</subfield></datafield><datafield ind1=" " ind2="7" tag="072"><subfield code="a">th</subfield><subfield code="2">rero</subfield></datafield><datafield ind1="1" ind2=" " tag="080"><subfield code="a">22.07EKK</subfield></datafield><datafield ind1="0" ind2="4" tag="082"><subfield code="a">228.077</subfield></datafield><datafield ind1="0" ind2="4" tag="082"><subfield code="a">230</subfield></datafield><datafield ind1="1" ind2="4" tag="082"><subfield code="a">220</subfield><subfield code="2">15</subfield></datafield><datafield ind1=" " ind2=" " tag="084"><subfield code="a">220</subfield><subfield code="2">sdnb</subfield></datafield><datafield ind1=" " ind2=" " tag="084"><subfield code="a">11.46</subfield><subfield code="2">bcl</subfield></datafield><datafield ind1=" " ind2=" " tag="084"><subfield code="a">BC 5090</subfield><subfield code="2">rvk</subfield></datafield><datafield ind1=" " ind2=" " tag="084"><subfield code="a">BC 4800</subfield><subfield code="2">rvk</subfield></datafield><datafield ind1="1" ind2=" " tag="100"><subfield code="a">Karrer, Martin</subfield><subfield code="d">1954-</subfield><subfield code="6">880-01</subfield><subfield code="0">(DE-588)124256457</subfield><subfield code="e">Verfasser</subfield><subfield code="4">aut</subfield></datafield><datafield ind1="1" ind2=" " tag="880"><subfield code="6">100-01</subfield><subfield code="a">Karrer, Martin</subfield><subfield code="d">1954-....</subfield><subfield code="0">(IDREF)028847350</subfield><subfield code="4">cre</subfield></datafield><datafield ind1="1" ind2="0" tag="245"><subfield code="a">Johannesoffenbarung</subfield><subfield code="c">Martin Karrer</subfield></datafield><datafield ind1=" " ind2=" " tag="250"><subfield code="a">1. Auflage</subfield></datafield><datafield ind1=" " ind2="1" tag="264"><subfield code="a">Ostfildern</subfield><subfield code="b">Patmos Verlag</subfield><subfield code="a">Göttingen</subfield><subfield code="b">Vandenhoeck &amp; Ruprecht</subfield><subfield code="c">2017-</subfield></datafield><datafield ind1=" " ind2=" " tag="300"><subfield code="a">Bände</subfield><subfield code="b">Illustrationen</subfield></datafield><datafield ind1=" " ind2=" " tag="336"><subfield code="b">txt</subfield><subfield code="2">rdacontent</subfield></datafield><datafield ind1=" " ind2=" " tag="337"><subfield code="b">n</subfield><subfield code="2">rdamedia</subfield></datafield><datafield ind1=" " ind2=" " tag="338"><subfield code="b">nc</subfield><subfield code="2">rdacarrier</subfield></datafield><datafield ind1="1" ind2=" " tag="490"><subfield code="a">EKK</subfield><subfield code="v">Band 24</subfield></datafield><datafield ind1="1" ind2=" " tag="490"><subfield code="a">Evangelisch-Katholischer Kommentar zum Neuen Testament</subfield><subfield code="v">Band 24</subfield></datafield><datafield ind1=" " ind2=" " tag="500"><subfield code="a">Kommentar mit eingefügtem Bibeltext</subfield></datafield><datafield ind1=" " ind2=" " tag="500"><subfield code="a">Literaturverzeichnis</subfield></datafield><datafield ind1=" " ind2=" " tag="504"><subfield code="a">Literaturverzeichnis</subfield></datafield><datafield ind1="0" ind2="0" tag="505"><subfield code="g">Teilband 1</subfield><subfield code="t">Offb 1,1-5,14</subfield></datafield><datafield ind1="0" ind2="0" tag="630"><subfield code="a">Bible</subfield><subfield code="p">Revelation</subfield><subfield code="v">Commentaries</subfield></datafield><datafield ind1="0" ind2="7" tag="630"><subfield code="a">Bibel</subfield><subfield code="p">Offenbarung des Johannes</subfield><subfield code="0">(DE-588)4073055-4</subfield><subfield code="2">gnd</subfield></datafield><datafield ind1="0" ind2="7" tag="630"><subfield code="a">Bible</subfield><subfield code="p">NT</subfield><subfield code="p">Apocalypse</subfield><subfield code="0">(RERO)A009967474</subfield><subfield code="2">rero</subfield></datafield><datafield ind1=" " ind2="7" tag="650"><subfield code="a">Exégèse</subfield><subfield code="0">(IDREF)027791114</subfield><subfield code="2">idref</subfield></datafield><datafield ind1=" " ind2="7" tag="655"><subfield code="a">Kommentar</subfield><subfield code="2">gnd-content</subfield></datafield><datafield ind1=" " ind2="7" tag="655"><subfield code="a">Commentaire de texte</subfield><subfield code="0">(IDREF)27790681</subfield><subfield code="2">idref</subfield></datafield><datafield ind1="0" ind2=" " tag="730"><subfield code="a">Bibel</subfield><subfield code="p">Offenbarung des Johannes</subfield><subfield code="0">(DE-588)4073055-4</subfield></datafield><datafield ind1=" " ind2=" " tag="830"><subfield code="a">EKK</subfield><subfield code="v">24</subfield><subfield code="w">(RERO)0566161-41slsp</subfield></datafield><datafield ind1=" " ind2=" " tag="830"><subfield code="a">Evangelisch-katholischer Kommentar zum Neuen Testament</subfield><subfield code="v">24</subfield><subfield code="w">(IDSLU)000165246ILU01</subfield></datafield><datafield ind1=" " ind2=" " tag="830"><subfield code="a">EKK</subfield><subfield code="v">24</subfield><subfield code="w">(IDSBB)000021978DSV01</subfield></datafield><datafield ind1="4" ind2=" " tag="856"><subfield code="3">Inhaltsverzeichnis (Teilbd. 1)</subfield><subfield code="u">https://www.ub.unibas.ch/tox/IDSLUZ/001284323/PDF</subfield><subfield code="q">pdf</subfield></datafield><datafield ind1="4" ind2=" " tag="856"><subfield code="3">Titelblatt und Inhaltsverzeichnis</subfield><subfield code="u">https://toc.library.ethz.ch/objects/pdf03/z01_978-3-8436-0607-3_01.pdf</subfield><subfield code="q">pdf</subfield></datafield><datafield ind1=" " ind2=" " tag="900"><subfield code="a">IDSDSStoppsignal FRED</subfield></datafield><datafield ind1=" " ind2=" " tag="900"><subfield code="a">IDSZ2zbzmon201706f</subfield><subfield code="c">IDSZ2kalh</subfield><subfield code="d">IDSZ2zbzswk201706b</subfield><subfield code="e">IDSZ2schu</subfield></datafield><datafield ind1=" " ind2=" " tag="900"><subfield code="a">REROnoselfmerge</subfield></datafield><datafield ind1=" " ind2=" " tag="949"><subfield code="a">https://toc.library.ethz.ch/objects/pdf03/z01_978-3-8436-0607-3_01.pdf</subfield></datafield><datafield ind1=" " ind2=" " tag="949"><subfield code="a">https://www.ub.unibas.ch/tox/IDSLUZ/001284323/PDF</subfield></datafield></record>
</metadata></record>