<record><header><identifier>oai:alma.41SLSP_UGE:991000035109705502</identifier><datestamp>2024-10-13T00:06:56Z</datestamp><setSpec>uge_bcen_RapidILL_BOOK</setSpec><setSpec>uge_aaca_RapidILL_BOOK</setSpec><setSpec>uge_abels_RapidILL_BOOK</setSpec><setSpec>uge_dbu_RapidILL_BOOK</setSpec><setSpec>uge_cmu_RapidILL_BOOK</setSpec><setSpec>uge_mail_RapidILL_BOOK</setSpec><setSpec>UNIGE_ALL</setSpec><setSpec>uge_abbat_RapidILL_BOOK</setSpec><setSpec>uge_aobs_RapidILL_BOOK</setSpec><setSpec>uge_acar_RapidILL_BOOK</setSpec></header><metadata>
<record xmlns="http://www.loc.gov/MARC21/slim" xmlns:xsi="http://www.w3.org/2001/XMLSchema-instance" xsi:schemaLocation="http://www.loc.gov/MARC21/slim http://www.loc.gov/standards/marcxml/schema/MARC21slim.xsd"><leader>03494nam a2200805 c 4500</leader><controlfield tag="001">991000035109705502</controlfield><controlfield tag="005">20230221204408.0</controlfield><controlfield tag="008">201011s2010    fr ||||| |||| 10| ||fre d</controlfield><datafield ind1=" " ind2=" " tag="020"><subfield code="a">2877724204</subfield></datafield><datafield ind1=" " ind2=" " tag="020"><subfield code="a">9782877724203</subfield></datafield><datafield ind1=" " ind2=" " tag="035"><subfield code="a">(swissbib)214962741-41slsp_network</subfield></datafield><datafield ind1=" " ind2=" " tag="035"><subfield code="a">214962741</subfield><subfield code="9">ExL</subfield></datafield><datafield ind1=" " ind2=" " tag="035"><subfield code="a">(RERO)R005687868-41slsp</subfield></datafield><datafield ind1=" " ind2=" " tag="035"><subfield code="a">(IDSBB)005302926DSV01</subfield></datafield><datafield ind1=" " ind2=" " tag="035"><subfield code="a">(NEBIS)006567014EBI01</subfield></datafield><datafield ind1=" " ind2=" " tag="035"><subfield code="a">(EXLNZ-41SLSP_NETWORK)991021972849705501</subfield></datafield><datafield ind1=" " ind2=" " tag="040"><subfield code="a">TZT</subfield><subfield code="d">CH-ZuSLS</subfield></datafield><datafield ind1="0" ind2=" " tag="041"><subfield code="a">fre</subfield><subfield code="a">eng</subfield><subfield code="a">ita</subfield></datafield><datafield ind1=" " ind2="7" tag="072"><subfield code="a">ar</subfield><subfield code="2">rero</subfield></datafield><datafield ind1="1" ind2="4" tag="082"><subfield code="a">938</subfield><subfield code="2">1</subfield></datafield><datafield ind1=" " ind2=" " tag="084"><subfield code="a">LE 2006</subfield><subfield code="2">rvk</subfield></datafield><datafield ind1=" " ind2=" " tag="084"><subfield code="a">LE 2008</subfield><subfield code="2">rvk</subfield></datafield><datafield ind1=" " ind2=" " tag="084"><subfield code="a">NH 6785</subfield><subfield code="2">rvk</subfield></datafield><datafield ind1="0" ind2="0" tag="245"><subfield code="a">Grecs et indigènes de la Catalogne à la Mer Noire</subfield><subfield code="b">actes des rencontres du programme européen Ramses (2006-2008)</subfield><subfield code="c">éd. par Henri Tréziny</subfield></datafield><datafield ind1=" " ind2="1" tag="264"><subfield code="a">Paris</subfield><subfield code="b">Ed. Errance</subfield><subfield code="c">2010</subfield></datafield><datafield ind1=" " ind2=" " tag="300"><subfield code="a">726 p.</subfield><subfield code="b">Ill.</subfield></datafield><datafield ind1=" " ind2=" " tag="336"><subfield code="b">txt</subfield><subfield code="2">rdacontent</subfield></datafield><datafield ind1=" " ind2=" " tag="337"><subfield code="b">n</subfield><subfield code="2">rdamedia</subfield></datafield><datafield ind1=" " ind2=" " tag="338"><subfield code="b">nc</subfield><subfield code="2">rdacarrier</subfield></datafield><datafield ind1="1" ind2=" " tag="490"><subfield code="a">Bibliothèque d'archéologie méditerranéenne et africaine</subfield><subfield code="v">3</subfield></datafield><datafield ind1=" " ind2=" " tag="500"><subfield code="a">Beiträge engl., franz. oder ital.</subfield></datafield><datafield ind1=" " ind2="7" tag="648"><subfield code="a">Geschichte</subfield><subfield code="2">gnd</subfield></datafield><datafield ind1=" " ind2="7" tag="650"><subfield code="a">Acculturation</subfield><subfield code="0">(IDREF)027299848</subfield><subfield code="2">idref</subfield></datafield><datafield ind1=" " ind2="7" tag="650"><subfield code="a">Archéologie</subfield><subfield code="0">(IDREF)02726971X</subfield><subfield code="2">idref</subfield></datafield><datafield ind1=" " ind2="7" tag="650"><subfield code="a">Colonisation</subfield><subfield code="0">(IDREF)027588823</subfield><subfield code="2">idref</subfield></datafield><datafield ind1=" " ind2="7" tag="650"><subfield code="a">Autochtones</subfield><subfield code="0">(IDREF)027743810</subfield><subfield code="2">idref</subfield></datafield><datafield ind1=" " ind2="7" tag="650"><subfield code="a">Antike</subfield><subfield code="0">(DE-588)4068754-5</subfield><subfield code="2">gnd</subfield></datafield><datafield ind1=" " ind2="7" tag="650"><subfield code="a">Griechen</subfield><subfield code="0">(DE-588)4022046-1</subfield><subfield code="2">gnd</subfield></datafield><datafield ind1=" " ind2="7" tag="650"><subfield code="a">Indigenes Volk</subfield><subfield code="0">(DE-588)4187207-1</subfield><subfield code="2">gnd</subfield></datafield><datafield ind1=" " ind2="7" tag="650"><subfield code="a">Kulturkontakt</subfield><subfield code="0">(DE-588)4033569-0</subfield><subfield code="2">gnd</subfield></datafield><datafield ind1=" " ind2="7" tag="650"><subfield code="a">Kolonie</subfield><subfield code="0">(DE-588)4031790-0</subfield><subfield code="2">gnd</subfield></datafield><datafield ind1=" " ind2="7" tag="650"><subfield code="a">ALTERTUM UND ANTIKE (EPOCHEN)</subfield><subfield code="9">ger</subfield><subfield code="0">(ETHUDK)000008938</subfield><subfield code="2">ethudk</subfield></datafield><datafield ind1=" " ind2="7" tag="650"><subfield code="a">ALTES GRIECHENLAND + GRAECIA (ORTE DES ALTERTUMS)</subfield><subfield code="9">ger</subfield><subfield code="0">(ETHUDK)000001547</subfield><subfield code="2">ethudk</subfield></datafield><datafield ind1=" " ind2="7" tag="650"><subfield code="a">HANDELSGESCHICHTE</subfield><subfield code="9">ger</subfield><subfield code="0">(ETHUDK)000041936</subfield><subfield code="2">ethudk</subfield></datafield><datafield ind1=" " ind2="7" tag="650"><subfield code="a">HANDWERKSGESCHICHTE</subfield><subfield code="9">ger</subfield><subfield code="0">(ETHUDK)000042429</subfield><subfield code="2">ethudk</subfield></datafield><datafield ind1=" " ind2="7" tag="650"><subfield code="a">KULTURKONTAKTE + KULTURWANDEL + AKKULTURATION</subfield><subfield code="9">ger</subfield><subfield code="0">(ETHUDK)000009092</subfield><subfield code="2">ethudk</subfield></datafield><datafield ind1=" " ind2="7" tag="650"><subfield code="a">MITTELMEERGEBIET (PHYSIOGEOGRAPHISCHE ORTE)</subfield><subfield code="9">ger</subfield><subfield code="0">(ETHUDK)000001601</subfield><subfield code="2">ethudk</subfield></datafield><datafield ind1=" " ind2="7" tag="650"><subfield code="a">SIEDLUNGSARCHÄOLOGIE (HISTORISCHE ZEIT)</subfield><subfield code="9">ger</subfield><subfield code="0">(ETHUDK)000052662</subfield><subfield code="2">ethudk</subfield></datafield><datafield ind1=" " ind2="7" tag="651"><subfield code="a">Grèce</subfield><subfield code="y">Jusqu'à 395</subfield><subfield code="0">(IDREF)027355802</subfield><subfield code="2">idref</subfield></datafield><datafield ind1=" " ind2="7" tag="651"><subfield code="a">Méditerranée (bassin) - nord</subfield><subfield code="0">(RERO)A010115553</subfield><subfield code="2">rero</subfield></datafield><datafield ind1=" " ind2="7" tag="651"><subfield code="a">Mer Noire (bassin)</subfield><subfield code="0">(RERO)A010008864</subfield><subfield code="2">rero</subfield></datafield><datafield ind1=" " ind2="7" tag="651"><subfield code="a">Schwarzmeer-Gebiet</subfield><subfield code="0">(DE-588)4208254-7</subfield><subfield code="2">gnd</subfield></datafield><datafield ind1=" " ind2="7" tag="655"><subfield code="a">Actes de congrès</subfield><subfield code="0">(IDREF)02886431X</subfield><subfield code="2">idref</subfield></datafield><datafield ind1=" " ind2="7" tag="655"><subfield code="a">Konferenzschrift</subfield><subfield code="2">gnd-content</subfield></datafield><datafield ind1=" " ind2="7" tag="655"><subfield code="a">Konferenzschrift</subfield><subfield code="y">2006-2008</subfield><subfield code="2">gnd-content</subfield></datafield><datafield ind1=" " ind2=" " tag="690"><subfield code="a">Beziehungen. Griechenland - Iberien</subfield><subfield code="2">ubs-AA</subfield></datafield><datafield ind1=" " ind2=" " tag="690"><subfield code="a">Beziehungen. Griechenland - Italien</subfield><subfield code="2">ubs-AA</subfield></datafield><datafield ind1=" " ind2=" " tag="690"><subfield code="a">Beziehungen. Griechenland - Schwarzmeer</subfield><subfield code="2">ubs-AA</subfield></datafield><datafield ind1=" " ind2=" " tag="690"><subfield code="a">Beziehungen. Griechenland - westlicher Mittelmeerraum</subfield><subfield code="2">ubs-AA</subfield></datafield><datafield ind1=" " ind2=" " tag="690"><subfield code="a">Schwarzmeergebiet</subfield><subfield code="2">ubs-AA</subfield></datafield><datafield ind1=" " ind2=" " tag="690"><subfield code="a">Thrakien</subfield><subfield code="2">ubs-AA</subfield></datafield><datafield ind1=" " ind2=" " tag="690"><subfield code="a">Ampurias</subfield><subfield code="2">ubs-AA</subfield></datafield><datafield ind1=" " ind2=" " tag="690"><subfield code="a">Himera</subfield><subfield code="2">ubs-AA</subfield></datafield><datafield ind1=" " ind2=" " tag="690"><subfield code="a">Massalia</subfield><subfield code="2">ubs-AA</subfield></datafield><datafield ind1=" " ind2=" " tag="690"><subfield code="a">Velia</subfield><subfield code="2">ubs-AA</subfield></datafield><datafield ind1="1" ind2=" " tag="700"><subfield code="a">Tréziny, Henri</subfield><subfield code="d">1948-2021</subfield><subfield code="6">880-02</subfield><subfield code="0">(DE-588)1037704819</subfield></datafield><datafield ind1="1" ind2=" " tag="880"><subfield code="6">700-02</subfield><subfield code="a">Tréziny, Henri</subfield><subfield code="d">1948-2021</subfield><subfield code="0">(IDREF)027169073</subfield></datafield><datafield ind1="4" ind2=" " tag="856"><subfield code="3">Titelblatt und Inhaltsverzeichnis</subfield><subfield code="u">https://toc.library.ethz.ch/objects/pdf/e32_978-2-87772-420-3_01.pdf</subfield><subfield code="q">pdf</subfield></datafield><datafield ind1=" " ind2=" " tag="830"><subfield code="a">Bibliothèque d'archéologie méditerranéenne et africaine</subfield><subfield code="v">3</subfield><subfield code="w">(NEBIS)005829240EBI01</subfield></datafield><datafield ind1=" " ind2=" " tag="900"><subfield code="a">REROnoselfmerge</subfield></datafield><datafield ind1=" " ind2=" " tag="949"><subfield code="a">https://toc.library.ethz.ch/objects/pdf/e32_978-2-87772-420-3_01.pdf</subfield></datafield></record>
</metadata></record>