<record><header><identifier>oai:alma.41SLSP_UGE:991000035309705502</identifier><datestamp>2023-03-01T01:08:47Z</datestamp><setSpec>uge_bcen_RapidILL_BOOK</setSpec><setSpec>uge_aaca_RapidILL_BOOK</setSpec><setSpec>uge_abels_RapidILL_BOOK</setSpec><setSpec>uge_dbu_RapidILL_BOOK</setSpec><setSpec>uge_cmu_RapidILL_BOOK</setSpec><setSpec>uge_mail_RapidILL_BOOK</setSpec><setSpec>UNIGE_ALL</setSpec><setSpec>uge_abbat_RapidILL_BOOK</setSpec><setSpec>uge_aobs_RapidILL_BOOK</setSpec><setSpec>uge_acar_RapidILL_BOOK</setSpec></header><metadata>
<record xmlns="http://www.loc.gov/MARC21/slim" xmlns:xsi="http://www.w3.org/2001/XMLSchema-instance" xsi:schemaLocation="http://www.loc.gov/MARC21/slim http://www.loc.gov/standards/marcxml/schema/MARC21slim.xsd"><leader>02544nam a2200685 c 4500</leader><controlfield tag="001">991000035309705502</controlfield><controlfield tag="005">20201222234749.0</controlfield><controlfield tag="008">201012t19791979gw ||||| |||| 00| ||ger d</controlfield><datafield ind1=" " ind2=" " tag="020"><subfield code="a">3499172909</subfield></datafield><datafield ind1=" " ind2=" " tag="035"><subfield code="a">(swissbib)234606916-41slsp_network</subfield></datafield><datafield ind1=" " ind2=" " tag="035"><subfield code="a">234606916</subfield><subfield code="9">ExL</subfield></datafield><datafield ind1=" " ind2=" " tag="035"><subfield code="a">(RERO)0266217-41slsp</subfield></datafield><datafield ind1=" " ind2=" " tag="035"><subfield code="a">(NEBIS)003181732EBI01</subfield></datafield><datafield ind1=" " ind2=" " tag="035"><subfield code="a">(IDSBB)000115353DSV01</subfield></datafield><datafield ind1=" " ind2=" " tag="035"><subfield code="a">(IDSLU)000200996ILU01</subfield></datafield><datafield ind1=" " ind2=" " tag="035"><subfield code="a">(EXLNZ-41SLSP_NETWORK)991137556319705501</subfield></datafield><datafield ind1=" " ind2=" " tag="040"><subfield code="a">RERO</subfield><subfield code="d">CH-ZuSLS</subfield></datafield><datafield ind1=" " ind2="7" tag="072"><subfield code="a">ba</subfield><subfield code="2">rero</subfield></datafield><datafield ind1=" " ind2="7" tag="072"><subfield code="a">mm</subfield><subfield code="2">SzZuIDS BS/BE</subfield></datafield><datafield ind1="0" ind2="0" tag="082"><subfield code="a">791.43/09/093278</subfield></datafield><datafield ind1=" " ind2=" " tag="084"><subfield code="a">AP 43400</subfield><subfield code="2">rvk</subfield></datafield><datafield ind1=" " ind2=" " tag="084"><subfield code="a">AP 52100</subfield><subfield code="2">rvk</subfield></datafield><datafield ind1=" " ind2=" " tag="084"><subfield code="a">AP 53100</subfield><subfield code="2">rvk</subfield></datafield><datafield ind1=" " ind2=" " tag="084"><subfield code="a">AP 53700</subfield><subfield code="2">rvk</subfield></datafield><datafield ind1=" " ind2=" " tag="084"><subfield code="a">HU 1774</subfield><subfield code="2">rvk</subfield></datafield><datafield ind1="1" ind2=" " tag="100"><subfield code="a">Seeßlen, Georg</subfield><subfield code="c">journaliste</subfield><subfield code="d">1948-....</subfield><subfield code="0">(IDREF)030059968</subfield><subfield code="4">cre</subfield></datafield><datafield ind1="1" ind2="0" tag="245"><subfield code="a">Western-Kino</subfield><subfield code="b">Geschichte und Mythologie des Western-Films</subfield><subfield code="c">Georg Seesslen, Claudius Weil ; mit einer Filmografie von Peter Horn ; und einer Bibliographie von Jürgen Berger</subfield></datafield><datafield ind1=" " ind2=" " tag="250"><subfield code="a">Orig.-Ausg.</subfield></datafield><datafield ind1=" " ind2="1" tag="264"><subfield code="a">Reinbek bei Hamburg</subfield><subfield code="b">Rowohlt</subfield><subfield code="c">[1979]</subfield></datafield><datafield ind1=" " ind2="4" tag="264"><subfield code="c">© 1979</subfield></datafield><datafield ind1=" " ind2=" " tag="300"><subfield code="a">252 p.</subfield><subfield code="b">fig.</subfield><subfield code="c">19 cm</subfield></datafield><datafield ind1=" " ind2=" " tag="336"><subfield code="b">txt</subfield><subfield code="2">rdacontent</subfield></datafield><datafield ind1=" " ind2=" " tag="337"><subfield code="b">n</subfield><subfield code="2">rdamedia</subfield></datafield><datafield ind1=" " ind2=" " tag="338"><subfield code="b">nc</subfield><subfield code="2">rdacarrier</subfield></datafield><datafield ind1="0" ind2=" " tag="490"><subfield code="a">Programm Roloff und Seesslen</subfield></datafield><datafield ind1="0" ind2=" " tag="490"><subfield code="a">Rororo-Taschenbücher</subfield><subfield code="v">7290</subfield></datafield><datafield ind1="0" ind2=" " tag="490"><subfield code="a">Sachbuch Rororo</subfield></datafield><datafield ind1="1" ind2=" " tag="490"><subfield code="a">Grundlagen des populären Films</subfield><subfield code="v">1</subfield></datafield><datafield ind1=" " ind2=" " tag="500"><subfield code="a">Programm Roloff und Seesslen</subfield></datafield><datafield ind1=" " ind2="7" tag="648"><subfield code="a">Geschichte</subfield><subfield code="2">gnd</subfield></datafield><datafield ind1=" " ind2="7" tag="650"><subfield code="a">Westerns américains</subfield><subfield code="0">(RERO)A023695771</subfield><subfield code="2">rero</subfield></datafield><datafield ind1=" " ind2="7" tag="650"><subfield code="a">Film</subfield><subfield code="0">(DE-588)4017102-4</subfield><subfield code="2">gnd</subfield></datafield><datafield ind1=" " ind2="7" tag="650"><subfield code="a">Geschichte</subfield><subfield code="0">(DE-588)4020517-4</subfield><subfield code="2">gnd</subfield></datafield><datafield ind1=" " ind2="0" tag="650"><subfield code="a">Western films</subfield><subfield code="x">History and criticism</subfield></datafield><datafield ind1=" " ind2="7" tag="650"><subfield code="a">Western</subfield><subfield code="y">Geschichte</subfield><subfield code="2">idsbb</subfield></datafield><datafield ind1=" " ind2="7" tag="650"><subfield code="a">Western</subfield><subfield code="g">Film</subfield><subfield code="0">(DE-588)4132716-0</subfield><subfield code="2">gnd</subfield></datafield><datafield ind1=" " ind2="7" tag="651"><subfield code="a">USA</subfield><subfield code="0">(DE-588)4078704-7</subfield><subfield code="2">gnd</subfield></datafield><datafield ind1=" " ind2=" " tag="690"><subfield code="a">Wildwestfilm</subfield><subfield code="2">uzb-Z9</subfield></datafield><datafield ind1=" " ind2=" " tag="690"><subfield code="a">Film, B: Western-Filme. Geschichte</subfield><subfield code="2">rzs-L1</subfield></datafield><datafield ind1=" " ind2=" " tag="690"><subfield code="a">Western-Filme. Geschichte. A.D.</subfield><subfield code="2">rzs-L1</subfield></datafield><datafield ind1="1" ind2=" " tag="700"><subfield code="a">Jürge, Berger</subfield></datafield><datafield ind1="1" ind2=" " tag="700"><subfield code="a">Moos, Ludwig</subfield></datafield><datafield ind1="1" ind2=" " tag="700"><subfield code="a">Seeßlen, Georg</subfield><subfield code="d">1948-</subfield><subfield code="0">(DE-588)11552634X</subfield></datafield><datafield ind1="1" ind2=" " tag="700"><subfield code="a">Horn, Peter</subfield><subfield code="d">1934-2019</subfield><subfield code="0">(IDREF)028359658</subfield></datafield><datafield ind1="1" ind2=" " tag="700"><subfield code="a">Berger, Jürgen</subfield><subfield code="0">(RERO)A002993647</subfield></datafield><datafield ind1="1" ind2=" " tag="700"><subfield code="a">Weil, Claudius</subfield><subfield code="0">(RERO)A003964008</subfield></datafield><datafield ind1=" " ind2=" " tag="830"><subfield code="a">Grundlagen des populären Films</subfield><subfield code="v">1</subfield><subfield code="w">(NEBIS)004264709EBI01</subfield></datafield><datafield ind1=" " ind2=" " tag="830"><subfield code="a">Grundlagen des populären Films</subfield><subfield code="v">1</subfield><subfield code="w">(IDSLU)000131353ILU01</subfield></datafield><datafield ind1="1" ind2=" " tag="800"><subfield code="a">Seesslen, Georg</subfield><subfield code="d">1948-</subfield><subfield code="t">Grundlagen des populären Films</subfield><subfield code="v">1</subfield><subfield code="w">(RERO)R220055660-41slsp</subfield></datafield><datafield ind1=" " ind2=" " tag="900"><subfield code="a">REROnoselfmerge</subfield></datafield><datafield ind1=" " ind2=" " tag="900"><subfield code="a">IDSZRMedeaZBZ</subfield></datafield></record>
</metadata></record>