<record><header><identifier>oai:alma.41SLSP_UGE:991000035639705502</identifier><datestamp>2023-04-14T00:14:26Z</datestamp><setSpec>uge_bcen_RapidILL_BOOK</setSpec><setSpec>uge_aaca_RapidILL_BOOK</setSpec><setSpec>uge_abels_RapidILL_BOOK</setSpec><setSpec>uge_dbu_RapidILL_BOOK</setSpec><setSpec>uge_cmu_RapidILL_BOOK</setSpec><setSpec>uge_mail_RapidILL_BOOK</setSpec><setSpec>uge_abbat_RapidILL_BOOK</setSpec><setSpec>UNIGE_ALL</setSpec><setSpec>uge_acar_RapidILL_BOOK</setSpec><setSpec>uge_aobs_RapidILL_BOOK</setSpec></header><metadata>
<record xmlns="http://www.loc.gov/MARC21/slim" xmlns:xsi="http://www.w3.org/2001/XMLSchema-instance" xsi:schemaLocation="http://www.loc.gov/MARC21/slim http://www.loc.gov/standards/marcxml/schema/MARC21slim.xsd"><leader>01485nam a2200337 c 4500</leader><controlfield tag="001">991000035639705502</controlfield><controlfield tag="005">20230413195414.0</controlfield><controlfield tag="008">890323s1985    xxu||||| |||| 10| ||eng d</controlfield><datafield ind1=" " ind2=" " tag="035"><subfield code="a">(swissbib)08362452X-41slsp_network</subfield></datafield><datafield ind1=" " ind2=" " tag="035"><subfield code="a">08362452X</subfield><subfield code="9">ExL</subfield></datafield><datafield ind1=" " ind2=" " tag="035"><subfield code="a">(RERO)1093509-41slsp</subfield></datafield><datafield ind1=" " ind2=" " tag="035"><subfield code="a">(EXLNZ-41SLSP_NETWORK)991132313199705501</subfield></datafield><datafield ind1=" " ind2=" " tag="040"><subfield code="a">RERO geussp</subfield><subfield code="d">CH-ZuSLS</subfield></datafield><datafield ind1=" " ind2="7" tag="072"><subfield code="a">py</subfield><subfield code="2">rero</subfield></datafield><datafield ind1="0" ind2="0" tag="245"><subfield code="a">Eighth International Conference on conduction and breakdown in dielectric liquids, Pavia, Italy, 24-27 July 1984</subfield><subfield code="c">ed. Giorgio Molinari... [et al.] ; IEEE Electrical Insulation Society</subfield></datafield><datafield ind1=" " ind2="1" tag="264"><subfield code="a">New York</subfield><subfield code="b">Institute of Electrical and Electronics Engineers</subfield><subfield code="c">1985</subfield></datafield><datafield ind1=" " ind2=" " tag="300"><subfield code="a">p. 121-484</subfield><subfield code="b">ill.</subfield><subfield code="c">28 cm</subfield></datafield><datafield ind1=" " ind2=" " tag="336"><subfield code="b">txt</subfield><subfield code="2">rdacontent</subfield></datafield><datafield ind1=" " ind2=" " tag="337"><subfield code="b">n</subfield><subfield code="2">rdamedia</subfield></datafield><datafield ind1=" " ind2=" " tag="338"><subfield code="b">nc</subfield><subfield code="2">rdacarrier</subfield></datafield><datafield ind1="1" ind2=" " tag="490"><subfield code="a">IEEE transactions on electrical insulation</subfield><subfield code="v">vol. EI-20, no 2</subfield></datafield><datafield ind1=" " ind2=" " tag="500"><subfield code="a">Congrès de physique. Pavia. 1984</subfield></datafield><datafield ind1=" " ind2=" " tag="504"><subfield code="a">Bibliogr</subfield></datafield><datafield ind1=" " ind2="7" tag="650"><subfield code="a">Diélectriques</subfield><subfield code="0">(IDREF)027859274</subfield><subfield code="2">idref</subfield></datafield><datafield ind1=" " ind2="7" tag="650"><subfield code="a">Liquides</subfield><subfield code="0">(IDREF)027373207</subfield><subfield code="2">idref</subfield></datafield><datafield ind1=" " ind2="7" tag="650"><subfield code="a">Décharges électriques</subfield><subfield code="0">(IDREF)027859541</subfield><subfield code="2">idref</subfield></datafield><datafield ind1=" " ind2="7" tag="655"><subfield code="a">Actes de congrès</subfield><subfield code="0">(IDREF)02886431X</subfield><subfield code="2">idref</subfield></datafield><datafield ind1="1" ind2=" " tag="700"><subfield code="a">Molinari, Giorgio</subfield><subfield code="0">(RERO)A003602157</subfield></datafield><datafield ind1="2" ind2=" " tag="710"><subfield code="a">IEEE Society on Electrical Insulation</subfield><subfield code="0">(IDREF)180420836</subfield></datafield><datafield ind1="2" ind2=" " tag="711"><subfield code="a">International Conference on Conduction and Breakdown in Dielectric liquids</subfield><subfield code="n">8</subfield><subfield code="d">1984</subfield><subfield code="c">Pavia</subfield><subfield code="0">(RERO)A012517920</subfield></datafield><datafield ind1=" " ind2="0" tag="830"><subfield code="a">IEEE transactions on electrical insulation</subfield><subfield code="v">-20,2</subfield><subfield code="w">(RERO)1092462-41slsp</subfield></datafield><datafield ind1=" " ind2=" " tag="900"><subfield code="a">REROnoselfmerge</subfield></datafield></record>
</metadata></record>