<record><header><identifier>oai:alma.41SLSP_UGE:991000034909705502</identifier><datestamp>2023-03-27T00:17:19Z</datestamp><setSpec>uge_bcen_RapidILL_BOOK</setSpec><setSpec>uge_aaca_RapidILL_BOOK</setSpec><setSpec>uge_abels_RapidILL_BOOK</setSpec><setSpec>uge_dbu_RapidILL_BOOK</setSpec><setSpec>uge_cmu_RapidILL_BOOK</setSpec><setSpec>uge_mail_RapidILL_BOOK</setSpec><setSpec>uge_abbat_RapidILL_BOOK</setSpec><setSpec>UNIGE_ALL</setSpec><setSpec>uge_aobs_RapidILL_BOOK</setSpec><setSpec>uge_acar_RapidILL_BOOK</setSpec></header><metadata>
<record xmlns="http://www.loc.gov/MARC21/slim" xmlns:xsi="http://www.w3.org/2001/XMLSchema-instance" xsi:schemaLocation="http://www.loc.gov/MARC21/slim http://www.loc.gov/standards/marcxml/schema/MARC21slim.xsd"><leader>04067nam a2200853 c 4500</leader><controlfield tag="001">991000034909705502</controlfield><controlfield tag="005">20230326202507.0</controlfield><controlfield tag="008">201011s2013    xxk||||| |||| 10| ||eng d</controlfield><datafield ind1=" " ind2=" " tag="010"><subfield code="a">2012025648</subfield></datafield><datafield ind1=" " ind2=" " tag="020"><subfield code="z">9780199333028</subfield><subfield code="q">eISBN</subfield></datafield><datafield ind1=" " ind2=" " tag="020"><subfield code="a">019993438X</subfield></datafield><datafield ind1=" " ind2=" " tag="020"><subfield code="a">9780199934386</subfield><subfield code="q">hbk.</subfield><subfield code="c">GBP 40.00</subfield></datafield><datafield ind1=" " ind2=" " tag="035"><subfield code="a">(swissbib)214637980-41slsp_network</subfield></datafield><datafield ind1=" " ind2=" " tag="035"><subfield code="a">214637980</subfield><subfield code="9">ExL</subfield></datafield><datafield ind1=" " ind2=" " tag="035"><subfield code="a">(RERO)R007308035-41slsp</subfield></datafield><datafield ind1=" " ind2=" " tag="035"><subfield code="a">(IDSSG)000598653HSB01</subfield></datafield><datafield ind1=" " ind2=" " tag="035"><subfield code="a">(IDSBB)006140033DSV01</subfield></datafield><datafield ind1=" " ind2=" " tag="035"><subfield code="a">(IDSLU)001087268ILU01</subfield></datafield><datafield ind1=" " ind2=" " tag="035"><subfield code="a">(NEBIS)007603294EBI01</subfield></datafield><datafield ind1=" " ind2=" " tag="035"><subfield code="a">(OCoLC)799024898</subfield></datafield><datafield ind1=" " ind2=" " tag="035"><subfield code="a">(EXLNZ-41SLSP_NETWORK)991017446929705501</subfield></datafield><datafield ind1=" " ind2=" " tag="040"><subfield code="a">RERO geuise</subfield><subfield code="d">CH-ZuSLS</subfield></datafield><datafield ind1=" " ind2=" " tag="050"><subfield code="a">HD47.4</subfield><subfield code="b">.C678 2013</subfield></datafield><datafield ind1=" " ind2="7" tag="072"><subfield code="a">dr</subfield><subfield code="2">rero</subfield></datafield><datafield ind1=" " ind2="7" tag="072"><subfield code="a">ur</subfield><subfield code="2">rero</subfield></datafield><datafield ind1=" " ind2="7" tag="072"><subfield code="a">vw</subfield><subfield code="2">SzZuIDS BS/BE</subfield></datafield><datafield ind1=" " ind2="7" tag="072"><subfield code="a">uw</subfield><subfield code="2">SzZuIDS BS/BE</subfield></datafield><datafield ind1=" " ind2="7" tag="072"><subfield code="a">172</subfield><subfield code="2">IDS LU</subfield></datafield><datafield ind1="0" ind2="4" tag="082"><subfield code="a">333.709172/4</subfield><subfield code="2">23</subfield></datafield><datafield ind1=" " ind2=" " tag="084"><subfield code="a">A 59.1 e</subfield><subfield code="2">cjurrom</subfield></datafield><datafield ind1=" " ind2=" " tag="084"><subfield code="a">A 58 e</subfield><subfield code="2">cjurrom</subfield></datafield><datafield ind1=" " ind2=" " tag="084"><subfield code="a">QT 200</subfield><subfield code="2">rvk</subfield></datafield><datafield ind1="0" ind2="0" tag="245"><subfield code="a">&lt;&lt;The&gt;&gt; globalization of cost-benefit analysis in environmental policy</subfield><subfield code="c">ed. by Michael A. Livermore ... [et al.]</subfield></datafield><datafield ind1=" " ind2="1" tag="264"><subfield code="a">Oxford</subfield><subfield code="b">Oxford University Press</subfield><subfield code="c">2013</subfield></datafield><datafield ind1=" " ind2=" " tag="300"><subfield code="a">335 S.</subfield><subfield code="b">Ill.</subfield><subfield code="c">25 cm</subfield></datafield><datafield ind1=" " ind2=" " tag="336"><subfield code="b">txt</subfield><subfield code="2">rdacontent</subfield></datafield><datafield ind1=" " ind2=" " tag="337"><subfield code="b">n</subfield><subfield code="2">rdamedia</subfield></datafield><datafield ind1=" " ind2=" " tag="338"><subfield code="b">nc</subfield><subfield code="2">rdacarrier</subfield></datafield><datafield ind1=" " ind2=" " tag="500"><subfield code="a">Workshop held in Abu Dhabi in October 2010</subfield></datafield><datafield ind1=" " ind2=" " tag="504"><subfield code="a">Includes bibliographical references and index</subfield></datafield><datafield ind1="3" ind2=" " tag="520"><subfield code="a">This text argues in favour of using cost-benefit analysis globally and examines the positive impact it can have in developing countries using relevant case studies. The book discusses the potential for cost-benefit analysis to provoke a global shift toward stronger and more effective economic policies.</subfield></datafield><datafield ind1=" " ind2="7" tag="650"><subfield code="a">Politique de l'environnement</subfield><subfield code="0">(IDREF)027224104</subfield><subfield code="2">idref</subfield></datafield><datafield ind1=" " ind2="7" tag="650"><subfield code="a">Développement économique</subfield><subfield code="0">(IDREF)027224902</subfield><subfield code="2">idref</subfield></datafield><datafield ind1=" " ind2="7" tag="650"><subfield code="a">Coût-efficacité</subfield><subfield code="0">(IDREF)027793303</subfield><subfield code="2">idref</subfield></datafield><datafield ind1=" " ind2="7" tag="650"><subfield code="a">Naturschutz</subfield><subfield code="0">(DE-588)4115348-0</subfield><subfield code="2">gnd</subfield></datafield><datafield ind1=" " ind2="7" tag="650"><subfield code="a">Kosten-Wirksamkeits-Analyse</subfield><subfield code="0">(DE-588)4217128-3</subfield><subfield code="2">gnd</subfield></datafield><datafield ind1=" " ind2="7" tag="650"><subfield code="a">Immissionsschutz</subfield><subfield code="0">(DE-588)4026611-4</subfield><subfield code="2">gnd</subfield></datafield><datafield ind1=" " ind2="7" tag="650"><subfield code="a">Kosten-Nutzen-Analyse</subfield><subfield code="0">(DE-588)4032589-1</subfield><subfield code="2">gnd</subfield></datafield><datafield ind1=" " ind2="0" tag="650"><subfield code="a">Cost effectiveness</subfield></datafield><datafield ind1=" " ind2="7" tag="650"><subfield code="a">Umweltpolitik</subfield><subfield code="0">(DE-588)4078523-3</subfield><subfield code="2">gnd</subfield></datafield><datafield ind1=" " ind2="7" tag="650"><subfield code="a">Internationale Kooperation</subfield><subfield code="0">(DE-588)4120503-0</subfield><subfield code="2">gnd</subfield></datafield><datafield ind1=" " ind2="7" tag="650"><subfield code="a">Globalisierung</subfield><subfield code="0">(DE-588)4557997-0</subfield><subfield code="2">gnd</subfield></datafield><datafield ind1=" " ind2="7" tag="650"><subfield code="a">Umweltschutz</subfield><subfield code="0">(DE-588)4061644-7</subfield><subfield code="2">gnd</subfield></datafield><datafield ind1=" " ind2="7" tag="650"><subfield code="a">ENTSCHEIDUNGSFINDUNG IM UMWELTSCHUTZ</subfield><subfield code="9">ger</subfield><subfield code="0">(ETHUDK)000065841</subfield><subfield code="2">ethudk</subfield></datafield><datafield ind1=" " ind2="7" tag="650"><subfield code="a">ENTWICKLUNGSLÄNDER</subfield><subfield code="9">ger</subfield><subfield code="0">(ETHUDK)000000159</subfield><subfield code="2">ethudk</subfield></datafield><datafield ind1=" " ind2="7" tag="650"><subfield code="a">GRENZÜBERSCHREITENDE PROBLEME UND INTERNATIONALE ZUSAMMENARBEIT (UMWELTPOLITIK)</subfield><subfield code="9">ger</subfield><subfield code="0">(ETHUDK)000056246</subfield><subfield code="2">ethudk</subfield></datafield><datafield ind1=" " ind2="7" tag="650"><subfield code="a">KOSTEN-NUTZEN-ANALYSE (WIRTSCHAFT)</subfield><subfield code="9">ger</subfield><subfield code="0">(ETHUDK)000010303</subfield><subfield code="2">ethudk</subfield></datafield><datafield ind1=" " ind2="7" tag="650"><subfield code="a">ÖKONOMISCHE UND SOZIALE GESICHTSPUNKTE VON UMWELTSCHUTZMASSNAHMEN</subfield><subfield code="9">ger</subfield><subfield code="0">(ETHUDK)000012419</subfield><subfield code="2">ethudk</subfield></datafield><datafield ind1=" " ind2="7" tag="651"><subfield code="a">Pays en voie de développement</subfield><subfield code="0">(IDREF)027407918</subfield><subfield code="2">idref</subfield></datafield><datafield ind1=" " ind2="7" tag="651"><subfield code="a">Schwellenländer</subfield><subfield code="0">(DE-588)4053920-9</subfield><subfield code="2">gnd</subfield></datafield><datafield ind1=" " ind2="0" tag="651"><subfield code="a">Economic development</subfield><subfield code="z">Developing countries</subfield></datafield><datafield ind1=" " ind2="7" tag="651"><subfield code="a">Entwicklungsländer</subfield><subfield code="0">(DE-588)4014954-7</subfield><subfield code="2">gnd</subfield></datafield><datafield ind1=" " ind2="0" tag="651"><subfield code="a">Environmental policy</subfield><subfield code="z">Developing countries</subfield></datafield><datafield ind1=" " ind2="7" tag="655"><subfield code="a">Actes de congrès</subfield><subfield code="0">(IDREF)02886431X</subfield><subfield code="2">idref</subfield></datafield><datafield ind1=" " ind2="7" tag="655"><subfield code="a">Aufsatzsammlung</subfield><subfield code="2">gnd-content</subfield></datafield><datafield ind1="1" ind2=" " tag="700"><subfield code="a">Revesz, Richard L.</subfield><subfield code="d">1958-</subfield></datafield><datafield ind1="1" ind2=" " tag="700"><subfield code="a">Livermore, Michael A.</subfield><subfield code="0">(IDREF)142608963</subfield></datafield><datafield ind1="2" ind2=" " tag="710"><subfield code="a">Institute for Policy Integrity</subfield><subfield code="b">Workshop</subfield><subfield code="d">2010</subfield><subfield code="c">Abu Dhabi</subfield><subfield code="0">(RERO)A024139572</subfield></datafield><datafield ind1="0" ind2="8" tag="776"><subfield code="i">Online-Ausgabe</subfield><subfield code="w">(IDSSG)000878654HSB01</subfield></datafield><datafield ind1="4" ind2=" " tag="856"><subfield code="3">Titelblatt und Inhaltsverzeichnis</subfield><subfield code="u">https://toc.library.ethz.ch/objects/pdf/e05_978-0-19-993438-6_01.pdf</subfield><subfield code="q">pdf</subfield></datafield><datafield ind1="4" ind2=" " tag="856"><subfield code="3">Abstract / Autoreninformation</subfield><subfield code="u">https://toc.library.ethz.ch/objects/pdf/e05_978-0-19-993438-6_02.pdf</subfield><subfield code="q">pdf</subfield></datafield><datafield ind1=" " ind2=" " tag="900"><subfield code="a">REROnoselfmerge</subfield></datafield><datafield ind1=" " ind2=" " tag="900"><subfield code="a">IDSZ2zbzmon201309l</subfield><subfield code="c">IDSZ2tobt</subfield><subfield code="d">IDSZ2zbzswk201310b</subfield><subfield code="e">IDSZ2bucp</subfield></datafield><datafield ind1=" " ind2=" " tag="949"><subfield code="a">https://toc.library.ethz.ch/objects/pdf/e05_978-0-19-993438-6_01.pdf</subfield></datafield><datafield ind1=" " ind2=" " tag="949"><subfield code="a">https://toc.library.ethz.ch/objects/pdf/e05_978-0-19-993438-6_02.pdf</subfield></datafield></record>
</metadata></record>