<record><header><identifier>oai:alma.41SLSP_UGE:991000035539705502</identifier><datestamp>2023-05-23T00:13:03Z</datestamp><setSpec>uge_bcen_RapidILL_BOOK</setSpec><setSpec>uge_aaca_RapidILL_BOOK</setSpec><setSpec>uge_abels_RapidILL_BOOK</setSpec><setSpec>uge_dbu_RapidILL_BOOK</setSpec><setSpec>uge_cmu_RapidILL_BOOK</setSpec><setSpec>uge_mail_RapidILL_BOOK</setSpec><setSpec>uge_abbat_RapidILL_BOOK</setSpec><setSpec>UNIGE_ALL</setSpec><setSpec>uge_aobs_RapidILL_BOOK</setSpec><setSpec>uge_acar_RapidILL_BOOK</setSpec></header><metadata>
<record xmlns="http://www.loc.gov/MARC21/slim" xmlns:xsi="http://www.w3.org/2001/XMLSchema-instance" xsi:schemaLocation="http://www.loc.gov/MARC21/slim http://www.loc.gov/standards/marcxml/schema/MARC21slim.xsd"><leader>01662nam a2200373 c 4500</leader><controlfield tag="001">991000035539705502</controlfield><controlfield tag="005">20230516183525.0</controlfield><controlfield tag="008">130214s2011    ja ||||| |||| 00| ||jpn d</controlfield><datafield ind1=" " ind2=" " tag="020"><subfield code="a">4902084937</subfield></datafield><datafield ind1=" " ind2=" " tag="020"><subfield code="a">9784902084931</subfield></datafield><datafield ind1=" " ind2=" " tag="035"><subfield code="a">(swissbib)116999284-41slsp_network</subfield></datafield><datafield ind1=" " ind2=" " tag="035"><subfield code="a">116999284</subfield><subfield code="9">ExL</subfield></datafield><datafield ind1=" " ind2=" " tag="035"><subfield code="a">(RERO)R007238376-41slsp</subfield></datafield><datafield ind1=" " ind2=" " tag="035"><subfield code="a">(EXLNZ-41SLSP_NETWORK)991144640529705501</subfield></datafield><datafield ind1=" " ind2=" " tag="040"><subfield code="a">NNC-EA</subfield><subfield code="d">CH-ZuSLS</subfield></datafield><datafield ind1=" " ind2="4" tag="050"><subfield code="a">BL2217.8</subfield><subfield code="b">.C58 2011</subfield></datafield><datafield ind1=" " ind2="7" tag="072"><subfield code="a">th</subfield><subfield code="2">rero</subfield></datafield><datafield ind1="0" ind2="0" tag="245"><subfield code="6">880-01</subfield><subfield code="a">Chūsei shinwa to jingi, Shintō sekai</subfield><subfield code="c">Itō Satoshi hen</subfield></datafield><datafield ind1="0" ind2="0" tag="880"><subfield code="6">245-01/$1</subfield><subfield code="a">中世神話と神祇・神道世界</subfield><subfield code="c">伊藤聡編</subfield></datafield><datafield ind1=" " ind2="1" tag="264"><subfield code="6">880-02</subfield><subfield code="a">Tōkyō</subfield><subfield code="b">Chikurinsha</subfield><subfield code="c">2011</subfield></datafield><datafield ind1=" " ind2="1" tag="880"><subfield code="6">264-02/$1</subfield><subfield code="a">東京</subfield><subfield code="b">竹林舎</subfield><subfield code="c">2011</subfield></datafield><datafield ind1=" " ind2=" " tag="300"><subfield code="a">638 p.</subfield><subfield code="b">ill.</subfield><subfield code="c">22 cm</subfield></datafield><datafield ind1=" " ind2=" " tag="336"><subfield code="b">txt</subfield><subfield code="2">rdacontent</subfield></datafield><datafield ind1=" " ind2=" " tag="337"><subfield code="b">n</subfield><subfield code="2">rdamedia</subfield></datafield><datafield ind1=" " ind2=" " tag="338"><subfield code="b">nc</subfield><subfield code="2">rdacarrier</subfield></datafield><datafield ind1="1" ind2=" " tag="490"><subfield code="6">880-03</subfield><subfield code="a">Chūsei bungaku to rinsetsu shogaku</subfield><subfield code="v">3</subfield></datafield><datafield ind1="0" ind2=" " tag="880"><subfield code="6">490-03/$1</subfield><subfield code="a">中世文学と隣接諸学</subfield><subfield code="v">3</subfield></datafield><datafield ind1=" " ind2=" " tag="504"><subfield code="a">Includes a postface, glossary and list of involved participants</subfield></datafield><datafield ind1=" " ind2="7" tag="650"><subfield code="a">Littérature japonaise</subfield><subfield code="0">(IDREF)027430545</subfield><subfield code="2">idref</subfield></datafield><datafield ind1=" " ind2="7" tag="650"><subfield code="a">Mythologie</subfield><subfield code="0">(IDREF)027240479</subfield><subfield code="2">idref</subfield></datafield><datafield ind1=" " ind2="7" tag="651"><subfield code="a">Japon</subfield><subfield code="y">1989-2019 (Ère Heisei)</subfield><subfield code="0">(IDREF)030975433</subfield><subfield code="2">idref</subfield></datafield><datafield ind1="1" ind2=" " tag="700"><subfield code="6">880-04</subfield><subfield code="a">Itō, Satoshi</subfield><subfield code="d">1961-....</subfield><subfield code="0">(IDREF)081849206</subfield><subfield code="4">ctb</subfield></datafield><datafield ind1="0" ind2=" " tag="880"><subfield code="6">700-04/$1</subfield><subfield code="a">伊藤聡</subfield><subfield code="d">1961-</subfield></datafield><datafield ind1=" " ind2="0" tag="830"><subfield code="6">880-06</subfield><subfield code="a">Chūsei bungaku to rinsetsu shogaku</subfield><subfield code="v">3</subfield></datafield><datafield ind1=" " ind2="0" tag="880"><subfield code="6">830-06</subfield><subfield code="a">中世文学と隣接諸学</subfield><subfield code="v">3</subfield></datafield></record>
</metadata></record>