<record><header><identifier>oai:alma.41SLSP_UGE:991000035739705502</identifier><datestamp>2023-03-29T00:19:24Z</datestamp><setSpec>uge_bcen_RapidILL_BOOK</setSpec><setSpec>uge_aaca_RapidILL_BOOK</setSpec><setSpec>uge_abels_RapidILL_BOOK</setSpec><setSpec>uge_dbu_RapidILL_BOOK</setSpec><setSpec>uge_cmu_RapidILL_BOOK</setSpec><setSpec>uge_mail_RapidILL_BOOK</setSpec><setSpec>uge_abbat_RapidILL_BOOK</setSpec><setSpec>UNIGE_ALL</setSpec><setSpec>uge_aobs_RapidILL_BOOK</setSpec><setSpec>uge_acar_RapidILL_BOOK</setSpec></header><metadata>
<record xmlns="http://www.loc.gov/MARC21/slim" xmlns:xsi="http://www.w3.org/2001/XMLSchema-instance" xsi:schemaLocation="http://www.loc.gov/MARC21/slim http://www.loc.gov/standards/marcxml/schema/MARC21slim.xsd"><leader>01220nam a2200325 c 4500</leader><controlfield tag="001">991000035739705502</controlfield><controlfield tag="005">20230327175432.0</controlfield><controlfield tag="008">011107s1900    it ||||| |||| 00| ||lat d</controlfield><datafield ind1=" " ind2=" " tag="035"><subfield code="a">(swissbib)097289566-41slsp_network</subfield></datafield><datafield ind1=" " ind2=" " tag="035"><subfield code="a">097289566</subfield><subfield code="9">ExL</subfield></datafield><datafield ind1=" " ind2=" " tag="035"><subfield code="a">(RERO)R003111915-41slsp</subfield></datafield><datafield ind1=" " ind2=" " tag="035"><subfield code="a">(EXLNZ-41SLSP_NETWORK)991043089849705501</subfield></datafield><datafield ind1=" " ind2=" " tag="040"><subfield code="a">RERO geulsh</subfield><subfield code="d">CH-ZuSLS</subfield></datafield><datafield ind1="0" ind2=" " tag="041"><subfield code="a">lat</subfield><subfield code="a">ita</subfield></datafield><datafield ind1=" " ind2="7" tag="072"><subfield code="a">hm</subfield><subfield code="2">rero</subfield></datafield><datafield ind1=" " ind2="7" tag="072"><subfield code="a">th</subfield><subfield code="2">rero</subfield></datafield><datafield ind1="0" ind2="0" tag="245"><subfield code="a">&lt;&lt;Le&gt;&gt; carte dello archivio vescovile d'Ivrea fino al 1313</subfield><subfield code="c">[pubbl. da] Ferdinando Gabotto</subfield></datafield><datafield ind1=" " ind2="1" tag="264"><subfield code="a">Pinerolo</subfield><subfield code="b">Tipografia Chiantore-Mascarelli</subfield><subfield code="c">1900</subfield></datafield><datafield ind1=" " ind2=" " tag="300"><subfield code="a">2 vol. (396, 352 p.)</subfield><subfield code="c">26 cm</subfield></datafield><datafield ind1=" " ind2=" " tag="336"><subfield code="b">txt</subfield><subfield code="2">rdacontent</subfield></datafield><datafield ind1=" " ind2=" " tag="337"><subfield code="b">n</subfield><subfield code="2">rdamedia</subfield></datafield><datafield ind1=" " ind2=" " tag="338"><subfield code="b">nc</subfield><subfield code="2">rdacarrier</subfield></datafield><datafield ind1="1" ind2=" " tag="490"><subfield code="a">Biblioteca della Società storica subalpina</subfield><subfield code="v">5</subfield><subfield code="v">6</subfield></datafield><datafield ind1="0" ind2=" " tag="490"><subfield code="a">Documenti e studi sulla storia d'Ivrea publicati sotto il patronato di S.M. il Re</subfield><subfield code="v">2</subfield><subfield code="v">3</subfield></datafield><datafield ind1=" " ind2=" " tag="500"><subfield code="a">Cart. III-IV</subfield></datafield><datafield ind1=" " ind2="7" tag="650"><subfield code="a">11e siècle-1313</subfield><subfield code="0">(RERO)A027017891</subfield><subfield code="2">rero</subfield></datafield><datafield ind1=" " ind2="7" tag="651"><subfield code="a">Ivrée (Italie, diocèse)</subfield><subfield code="0">(IDREF)027617408</subfield><subfield code="2">idref</subfield></datafield><datafield ind1=" " ind2="7" tag="655"><subfield code="a">Cartulaires</subfield><subfield code="0">(IDREF)027517268</subfield><subfield code="2">idref</subfield></datafield><datafield ind1="1" ind2=" " tag="700"><subfield code="a">Gabotto, Ferdinando</subfield><subfield code="d">1866-1918</subfield><subfield code="0">(IDREF)07885931X</subfield></datafield><datafield ind1=" " ind2="0" tag="830"><subfield code="a">Biblioteca della Società storica subalpina</subfield><subfield code="v">5-6</subfield></datafield><datafield ind1=" " ind2=" " tag="900"><subfield code="a">REROnoselfmerge</subfield></datafield></record>
</metadata></record>