<record><header><identifier>oai:alma.41SLSP_UGE:991000035339705502</identifier><datestamp>2023-06-04T00:33:16Z</datestamp><setSpec>uge_bcen_RapidILL_BOOK</setSpec><setSpec>uge_aaca_RapidILL_BOOK</setSpec><setSpec>uge_abels_RapidILL_BOOK</setSpec><setSpec>uge_dbu_RapidILL_BOOK</setSpec><setSpec>uge_cmu_RapidILL_BOOK</setSpec><setSpec>uge_mail_RapidILL_BOOK</setSpec><setSpec>uge_abbat_RapidILL_BOOK</setSpec><setSpec>UNIGE_ALL</setSpec><setSpec>uge_aobs_RapidILL_BOOK</setSpec><setSpec>uge_acar_RapidILL_BOOK</setSpec></header><metadata>
<record xmlns="http://www.loc.gov/MARC21/slim" xmlns:xsi="http://www.w3.org/2001/XMLSchema-instance" xsi:schemaLocation="http://www.loc.gov/MARC21/slim http://www.loc.gov/standards/marcxml/schema/MARC21slim.xsd"><leader>02537nam a2200649 c 4500</leader><controlfield tag="001">991000035339705502</controlfield><controlfield tag="005">20230422210213.0</controlfield><controlfield tag="008">201011s2000    xxk||||| |||| 00| ||ira d</controlfield><datafield ind1=" " ind2=" " tag="020"><subfield code="a">0728603152</subfield></datafield><datafield ind1=" " ind2=" " tag="035"><subfield code="a">(swissbib)217856675-41slsp_network</subfield></datafield><datafield ind1=" " ind2=" " tag="035"><subfield code="a">217856675</subfield><subfield code="9">ExL</subfield></datafield><datafield ind1=" " ind2=" " tag="035"><subfield code="a">(RERO)R281019360-41slsp</subfield></datafield><datafield ind1=" " ind2=" " tag="035"><subfield code="a">(NEBIS)004093166EBI01</subfield></datafield><datafield ind1=" " ind2=" " tag="035"><subfield code="a">(EXLNZ-41SLSP_NETWORK)991072509069705501</subfield></datafield><datafield ind1=" " ind2=" " tag="040"><subfield code="a">RERO frbcuc</subfield><subfield code="d">CH-ZuSLS</subfield></datafield><datafield ind1="0" ind2=" " tag="041"><subfield code="a">ira</subfield><subfield code="a">pal</subfield><subfield code="a">sog</subfield></datafield><datafield ind1=" " ind2="7" tag="072"><subfield code="a">ha</subfield><subfield code="2">rero</subfield></datafield><datafield ind1=" " ind2="7" tag="072"><subfield code="a">ar</subfield><subfield code="2">rero</subfield></datafield><datafield ind1="0" ind2="4" tag="082"><subfield code="a">491.5</subfield><subfield code="2">20</subfield></datafield><datafield ind1="0" ind2="4" tag="082"><subfield code="a">491 .5</subfield><subfield code="2">18</subfield></datafield><datafield ind1="0" ind2="4" tag="082"><subfield code="a">299.932</subfield></datafield><datafield ind1="0" ind2="0" tag="245"><subfield code="a">Iranian Manichaean Turfan texts in publications since 1934</subfield><subfield code="c">ed. by Dieter Weber</subfield></datafield><datafield ind1=" " ind2="1" tag="264"><subfield code="a">London</subfield><subfield code="b">School of Oriental and African Studies</subfield><subfield code="c">2000</subfield></datafield><datafield ind1=" " ind2=" " tag="300"><subfield code="a">59 p., 188 p. de pl.</subfield><subfield code="c">32 cm</subfield></datafield><datafield ind1=" " ind2=" " tag="336"><subfield code="b">txt</subfield><subfield code="2">rdacontent</subfield></datafield><datafield ind1=" " ind2=" " tag="337"><subfield code="b">n</subfield><subfield code="2">rdamedia</subfield></datafield><datafield ind1=" " ind2=" " tag="338"><subfield code="b">nc</subfield><subfield code="2">rdacarrier</subfield></datafield><datafield ind1="1" ind2=" " tag="490"><subfield code="a">Corpus inscriptionum Iranicarum. Supplementary series</subfield><subfield code="v">vol. 4</subfield></datafield><datafield ind1=" " ind2=" " tag="500"><subfield code="a">Photo ed.</subfield></datafield><datafield ind1="0" ind2="7" tag="630"><subfield code="a">Turfanfragmente</subfield><subfield code="0">(DE-588)4128324-7</subfield><subfield code="2">gnd</subfield></datafield><datafield ind1=" " ind2="7" tag="650"><subfield code="a">Littérature manichéenne</subfield><subfield code="0">(IDREF)080538150</subfield><subfield code="2">idref</subfield></datafield><datafield ind1=" " ind2="7" tag="650"><subfield code="a">Manuscrits pehlevi</subfield><subfield code="0">(IDREF)131982036</subfield><subfield code="2">idref</subfield></datafield><datafield ind1=" " ind2="7" tag="650"><subfield code="a">manuscrit parthe</subfield><subfield code="0">(RERO)A014082159</subfield><subfield code="2">rerovoc</subfield></datafield><datafield ind1=" " ind2="7" tag="650"><subfield code="a">Parthe (langue)</subfield><subfield code="0">(IDREF)027845745</subfield><subfield code="2">idref</subfield></datafield><datafield ind1=" " ind2="7" tag="650"><subfield code="a">Pehlevi (langue)</subfield><subfield code="0">(IDREF)027611817</subfield><subfield code="2">idref</subfield></datafield><datafield ind1=" " ind2="7" tag="650"><subfield code="a">Sogdien (langue)</subfield><subfield code="0">(IDREF)027249018</subfield><subfield code="2">idref</subfield></datafield><datafield ind1=" " ind2="7" tag="650"><subfield code="a">Manuscrits sogdiens</subfield><subfield code="0">(IDREF)137301790</subfield><subfield code="2">idref</subfield></datafield><datafield ind1=" " ind2="7" tag="650"><subfield code="a">Katalog</subfield><subfield code="0">(DE-588)4163417-2</subfield><subfield code="2">gnd</subfield></datafield><datafield ind1=" " ind2="7" tag="650"><subfield code="a">Manichäisch</subfield><subfield code="0">(DE-588)4132301-4</subfield><subfield code="2">gnd</subfield></datafield><datafield ind1=" " ind2="0" tag="650"><subfield code="a">Inscriptions, Iranian</subfield></datafield><datafield ind1=" " ind2="0" tag="650"><subfield code="a">Manichaeism</subfield></datafield><datafield ind1=" " ind2="0" tag="650"><subfield code="a">Manichaeism</subfield><subfield code="z">Iran</subfield><subfield code="x">History</subfield><subfield code="v">Sources</subfield></datafield><datafield ind1=" " ind2="0" tag="650"><subfield code="a">Manichaeism</subfield><subfield code="z">Iran</subfield><subfield code="x">History</subfield><subfield code="x">Sources</subfield></datafield><datafield ind1=" " ind2="0" tag="650"><subfield code="a">Manuscripts, Pahlavi</subfield><subfield code="v">Facsimiles</subfield></datafield><datafield ind1=" " ind2="0" tag="650"><subfield code="a">Manuscripts, Parthian</subfield><subfield code="v">Facsimiles</subfield></datafield><datafield ind1=" " ind2="0" tag="650"><subfield code="a">Manuscripts, Persian</subfield><subfield code="v">Facsimiles</subfield></datafield><datafield ind1=" " ind2="0" tag="650"><subfield code="a">Manuscripts, Sogdian</subfield><subfield code="v">Facsimiles</subfield></datafield><datafield ind1=" " ind2="0" tag="650"><subfield code="a">Sogdian language</subfield><subfield code="x">Texts</subfield></datafield><datafield ind1=" " ind2="7" tag="651"><subfield code="a">Turfan (Chine, république populaire)</subfield><subfield code="0">(RERO)A010033693</subfield><subfield code="2">rero</subfield></datafield><datafield ind1=" " ind2="7" tag="651"><subfield code="a">Berlin</subfield><subfield code="0">(DE-588)4005728-8</subfield><subfield code="2">gnd</subfield></datafield><datafield ind1=" " ind2="7" tag="651"><subfield code="a">Iran</subfield><subfield code="0">(DE-588)4027653-3</subfield><subfield code="2">gnd</subfield></datafield><datafield ind1=" " ind2="7" tag="655"><subfield code="a">Photographie</subfield><subfield code="0">(IDREF)028224248</subfield><subfield code="2">idref</subfield></datafield><datafield ind1=" " ind2="7" tag="655"><subfield code="a">[document]</subfield><subfield code="2">rerovoc</subfield><subfield code="0">(RERO)A010182398</subfield></datafield><datafield ind1="1" ind2=" " tag="700"><subfield code="a">Weber, Dieter</subfield><subfield code="0">(RERO)A003961285</subfield></datafield><datafield ind1=" " ind2=" " tag="830"><subfield code="a">Corpus Inscriptionum Iranicarum</subfield><subfield code="p">Supplementary series</subfield><subfield code="v">4</subfield><subfield code="w">(RERO)0064662-41slsp</subfield></datafield><datafield ind1=" " ind2=" " tag="830"><subfield code="a">Corpus inscriptionum Iranicarum</subfield><subfield code="p">Supplementary series</subfield><subfield code="v">4</subfield><subfield code="w">(NEBIS)000993263EBI01</subfield></datafield><datafield ind1=" " ind2=" " tag="900"><subfield code="a">REROnoselfmerge</subfield></datafield><datafield ind1=" " ind2=" " tag="900"><subfield code="a">IDSZ2zbzmon200103e</subfield><subfield code="c">IDSZ2veze</subfield><subfield code="d">IDSZ2zbzswk200104k</subfield><subfield code="e">IDSZ2brue</subfield></datafield></record>
</metadata></record>