<record><header><identifier>oai:alma.41SLSP_UGE:991000035859705502</identifier><datestamp>2024-11-15T01:09:56Z</datestamp><setSpec>uge_bcen_RapidILL_BOOK</setSpec><setSpec>uge_aaca_RapidILL_BOOK</setSpec><setSpec>uge_abels_RapidILL_BOOK</setSpec><setSpec>uge_dbu_RapidILL_BOOK</setSpec><setSpec>uge_cmu_RapidILL_BOOK</setSpec><setSpec>uge_mail_RapidILL_BOOK</setSpec><setSpec>uge_abbat_RapidILL_BOOK</setSpec><setSpec>UNIGE_ALL</setSpec><setSpec>uge_aobs_RapidILL_BOOK</setSpec><setSpec>uge_acar_RapidILL_BOOK</setSpec></header><metadata>
<record xmlns="http://www.loc.gov/MARC21/slim" xmlns:xsi="http://www.w3.org/2001/XMLSchema-instance" xsi:schemaLocation="http://www.loc.gov/MARC21/slim http://www.loc.gov/standards/marcxml/schema/MARC21slim.xsd"><leader>05258nam a2200841 c 4500</leader><controlfield tag="001">991000035859705502</controlfield><controlfield tag="005">20241114200445.0</controlfield><controlfield tag="008">201011t19941994fr ||||| |||| 00| ||fre d</controlfield><datafield ind1=" " ind2=" " tag="020"><subfield code="a">2711832309</subfield><subfield code="q">Ed. de la Réunion des Musées Nationaux</subfield></datafield><datafield ind1=" " ind2=" " tag="020"><subfield code="a">2858507996</subfield><subfield code="q">Ed. du Centre Pompidou</subfield></datafield><datafield ind1="7" ind2=" " tag="024"><subfield code="a">http://catalogue.bnf.fr/ark:/12148/cb357399685</subfield><subfield code="2">uri</subfield></datafield><datafield ind1=" " ind2=" " tag="035"><subfield code="a">(swissbib)219580065-41slsp_network</subfield></datafield><datafield ind1=" " ind2=" " tag="035"><subfield code="a">219580065</subfield><subfield code="9">ExL</subfield></datafield><datafield ind1=" " ind2=" " tag="035"><subfield code="a">(RERO)1966636-41slsp</subfield></datafield><datafield ind1=" " ind2=" " tag="035"><subfield code="a">(IDSBB)001086698DSV01</subfield></datafield><datafield ind1=" " ind2=" " tag="035"><subfield code="a">(IDSLU)000086961ILU01</subfield></datafield><datafield ind1=" " ind2=" " tag="035"><subfield code="a">(SBT)000481294SBT01</subfield></datafield><datafield ind1=" " ind2=" " tag="035"><subfield code="a">(NEBIS)001650683EBI01</subfield></datafield><datafield ind1=" " ind2=" " tag="035"><subfield code="a">(EXLNZ-41SLSP_NETWORK)991156964229705501</subfield></datafield><datafield ind1=" " ind2=" " tag="040"><subfield code="a">RERO frbcuc</subfield><subfield code="d">CH-ZuSLS</subfield></datafield><datafield ind1=" " ind2="7" tag="072"><subfield code="a">kh</subfield><subfield code="2">SzZuIDS BS/BE</subfield></datafield><datafield ind1=" " ind2="7" tag="072"><subfield code="a">460</subfield><subfield code="2">IDS LU</subfield></datafield><datafield ind1=" " ind2="7" tag="072"><subfield code="a">ba</subfield><subfield code="2">rero</subfield></datafield><datafield ind1=" " ind2=" " tag="084"><subfield code="a">9,11</subfield><subfield code="a">9,10</subfield><subfield code="2">ssgn</subfield></datafield><datafield ind1=" " ind2=" " tag="084"><subfield code="a">LI 82620</subfield><subfield code="2">rvk</subfield></datafield><datafield ind1="0" ind2="0" tag="245"><subfield code="a">Kurt Schwitters</subfield><subfield code="b">[exposition, Paris] Centre Georges Pompidou, [24 novembre 1994 - 20 février 1995] : [catalogue]</subfield><subfield code="c">[conception Serge Lemoine]</subfield></datafield><datafield ind1=" " ind2="1" tag="264"><subfield code="a">Paris</subfield><subfield code="b">Réunion des musées nationaux</subfield><subfield code="b">Centre Georges Pompidou</subfield><subfield code="c">1994</subfield></datafield><datafield ind1=" " ind2="4" tag="264"><subfield code="c">© 1994</subfield></datafield><datafield ind1=" " ind2=" " tag="300"><subfield code="a">397 p.</subfield><subfield code="b">nombr. ill. en noir et en coul.</subfield><subfield code="c">28 x 28 cm</subfield></datafield><datafield ind1=" " ind2=" " tag="336"><subfield code="b">txt</subfield><subfield code="2">rdacontent</subfield></datafield><datafield ind1=" " ind2=" " tag="337"><subfield code="b">n</subfield><subfield code="2">rdamedia</subfield></datafield><datafield ind1=" " ind2=" " tag="338"><subfield code="b">nc</subfield><subfield code="2">rdacarrier</subfield></datafield><datafield ind1="1" ind2=" " tag="490"><subfield code="a">Classiques du XXe siècle</subfield></datafield><datafield ind1=" " ind2=" " tag="500"><subfield code="a">Edité à l'occasion de l'exposition tenue à Paris, Centre Georges Pompidou (Grande galerie), 24 novembre - 20 février 1995. L'exposition sera présentée, dans une version différente à Valence (Espagne), Instituto Valenciano de Arte Moderno, 6 avril - 18 juin 1995 et à Grenoble, Musée de Grenoble, 16 septembre - 27 novembre 1995</subfield></datafield><datafield ind1=" " ind2=" " tag="500"><subfield code="a">Exposition. Paris. Centre national d'art et de culture Georges Pompidou. Grande galerie. 1994-1995</subfield></datafield><datafield ind1=" " ind2=" " tag="500"><subfield code="a">Exposition. Valencia. Instituto Valenciano de Arte Moderno. 1995</subfield></datafield><datafield ind1=" " ind2=" " tag="500"><subfield code="a">Exposition. Grenoble. Musée de peinture et de sculpture. 1995</subfield></datafield><datafield ind1=" " ind2=" " tag="500"><subfield code="a">Erschien auch als spanische Uebersetzung</subfield></datafield><datafield ind1=" " ind2=" " tag="500"><subfield code="a">Ausstellung (Paris ; Centre national d'art et de culture Georges Pompidou ; 1994/1995)</subfield></datafield><datafield ind1=" " ind2=" " tag="500"><subfield code="a">Ausstellung (Valencia ; Instituto Valenciano de Arte Moderno ; 1995)</subfield></datafield><datafield ind1=" " ind2=" " tag="500"><subfield code="a">Ausstellung (Grenoble ; Musée ; 1995)</subfield></datafield><datafield ind1=" " ind2=" " tag="500"><subfield code="a">Katalog zur Ausstellung: Paris, Centre Georges Pompidou (Grande Galerie), 24 novembre 1994-20 février 1995 und in leicht veränderter Form in: Valencia, Instituto Valenciano de Arte Moderno, 6 avril - 18 juin 1995; Grenoble, Musée de Grenoble, 16 septembre - 27 novembre 1995</subfield></datafield><datafield ind1=" " ind2=" " tag="504"><subfield code="a">Bibliogr. : p. 386-391. Index</subfield></datafield><datafield ind1=" " ind2=" " tag="504"><subfield code="a">Apparati: p. 376-397</subfield></datafield><datafield ind1="8" ind2=" " tag="520"><subfield code="a">L'artiste peintre et poète allemand Kurt Schwitters naît en 1887 à Hanovre. Il décède en 1948. Kurt Schwitters s'intéresse d'abord au cubisme, puis se tourne vers le dadaïsme en s'associant aux chefs de file de ce mouvement : Hausmann, Hoch et Jean Arp. En 1918 Kurt Schwitters figure parmi les fondateurs du groupe Dada de Hanovre. Il exécute des collages et des assemblages d'objets et de matériaux détériorés. Ses assortiments contiennent des bouts de papier déchirés, des tickets de bus, des morceaux de grillage, des roux de landeau, etc. Kurt Schwitters baptise ses assemblages &quot;Merz&quot;. Vers 1920, il entame son premier &quot;Merzbau&quot;, immense construction de déchets devant remplir un immeuble entier</subfield><subfield code="5">RERO/njhep-/09.2011</subfield></datafield><datafield ind1="1" ind2="7" tag="600"><subfield code="a">Schwitters, Kurt</subfield><subfield code="d">1887-1948</subfield><subfield code="0">(IDREF)027129268</subfield><subfield code="2">idref</subfield></datafield><datafield ind1="1" ind2="7" tag="600"><subfield code="a">Schwitters, Kurt</subfield><subfield code="v">Ausstellungskatalog</subfield><subfield code="2">idsbb</subfield></datafield><datafield ind1="1" ind2="7" tag="600"><subfield code="a">Schwitters, Kurt</subfield><subfield code="d">1887-1948</subfield><subfield code="0">(DE-588)118612301</subfield><subfield code="2">gnd</subfield></datafield><datafield ind1="1" ind2="7" tag="600"><subfield code="a">Schwitters, Kurt</subfield><subfield code="x">esposizioni</subfield><subfield code="2">sbt12</subfield></datafield><datafield ind1=" " ind2="7" tag="650"><subfield code="a">AVANTGARDE (KUNST)</subfield><subfield code="9">ger</subfield><subfield code="0">(ETHUDK)000050653</subfield><subfield code="2">ethudk</subfield></datafield><datafield ind1=" " ind2="7" tag="650"><subfield code="a">BIOGRAPHIEN (LEBEN UND WERK)</subfield><subfield code="9">ger</subfield><subfield code="0">(ETHUDK)000036789</subfield><subfield code="2">ethudk</subfield></datafield><datafield ind1=" " ind2="7" tag="650"><subfield code="a">DEUTSCHLAND (MITTELEUROPA). BUNDESREPUBLIK DEUTSCHLAND</subfield><subfield code="9">ger</subfield><subfield code="0">(ETHUDK)000041967</subfield><subfield code="2">ethudk</subfield></datafield><datafield ind1=" " ind2="7" tag="650"><subfield code="a">KÜNSTLER + KUNSTSCHAFFENDE</subfield><subfield code="9">ger</subfield><subfield code="0">(ETHUDK)000035335</subfield><subfield code="2">ethudk</subfield></datafield><datafield ind1=" " ind2="7" tag="650"><subfield code="a">PUBLIKATIONEN ZU TEMPORÄREN AUSSTELLUNGEN</subfield><subfield code="9">ger</subfield><subfield code="0">(ETHUDK)000009298</subfield><subfield code="2">ethudk</subfield></datafield><datafield ind1=" " ind2="7" tag="650"><subfield code="a">ZWANZIGSTES JAHRHUNDERT N. CHR.</subfield><subfield code="9">ger</subfield><subfield code="0">(ETHUDK)000008907</subfield><subfield code="2">ethudk</subfield></datafield><datafield ind1=" " ind2="7" tag="655"><subfield code="a">Catalogues d'exposition</subfield><subfield code="0">(IDREF)027320456</subfield><subfield code="2">idref</subfield></datafield><datafield ind1=" " ind2="7" tag="655"><subfield code="a">Ausstellungskatalog</subfield><subfield code="z">Paris</subfield><subfield code="y">1994/1995</subfield><subfield code="2">gnd-content</subfield></datafield><datafield ind1=" " ind2="7" tag="655"><subfield code="a">Ausstellungskatalog</subfield><subfield code="z">Valencia</subfield><subfield code="y">1995</subfield><subfield code="2">gnd-content</subfield></datafield><datafield ind1=" " ind2="7" tag="655"><subfield code="a">Ausstellungskatalog</subfield><subfield code="z">Grenoble</subfield><subfield code="y">1995</subfield><subfield code="2">gnd-content</subfield></datafield><datafield ind1=" " ind2="7" tag="655"><subfield code="a">Ausstellungskatalog</subfield><subfield code="z">Paris</subfield><subfield code="y">1994</subfield><subfield code="b">1995</subfield><subfield code="2">gnd-content</subfield></datafield><datafield ind1=" " ind2=" " tag="690"><subfield code="a">Schwitters, Kurt</subfield><subfield code="2">ubs-A5</subfield></datafield><datafield ind1=" " ind2=" " tag="690"><subfield code="a">Schwitters, Kurt, B: Biographie &amp; Werk</subfield><subfield code="2">rzs-L1</subfield></datafield><datafield ind1=" " ind2=" " tag="690"><subfield code="a">Kunst. A. Ausstellung: Paris: Schwitters, Kurt</subfield><subfield code="2">rzs-L1</subfield></datafield><datafield ind1=" " ind2=" " tag="690"><subfield code="a">Dadaismus, B: Schwitters, Kurt. Ausstellungskatalog</subfield><subfield code="2">rzs-L1</subfield></datafield><datafield ind1=" " ind2=" " tag="690"><subfield code="a">Kunst. Geschichte. 20. Jh., B: Dadaismus: Schwitters, Kurt. Ausstellungskatalog</subfield><subfield code="2">rzs-L1</subfield></datafield><datafield ind1=" " ind2=" " tag="691"><subfield code="e">700.030</subfield><subfield code="2">usi-TM</subfield></datafield><datafield ind1="1" ind2=" " tag="700"><subfield code="6">880-02</subfield><subfield code="a">Lemoine, Serge</subfield><subfield code="d">1943-</subfield><subfield code="0">(DE-588)1053806132</subfield></datafield><datafield ind1="1" ind2=" " tag="880"><subfield code="6">700-02</subfield><subfield code="a">Lemoine, Serge</subfield><subfield code="d">1943-....</subfield><subfield code="0">(IDREF)026982765</subfield></datafield><datafield ind1="1" ind2=" " tag="700"><subfield code="a">Schwitters, Kurt</subfield><subfield code="d">1887-1948</subfield><subfield code="6">880-03</subfield><subfield code="0">(DE-588)118612301</subfield></datafield><datafield ind1="1" ind2=" " tag="880"><subfield code="6">700-03</subfield><subfield code="a">Schwitters, Kurt</subfield><subfield code="0">(RERO)A003813565</subfield></datafield><datafield ind1="2" ind2=" " tag="710"><subfield code="a">Centre Pompidou</subfield><subfield code="0">(DE-588)1038030-9</subfield></datafield><datafield ind1="0" ind2=" " tag="730"><subfield code="a">Schwitters</subfield></datafield><datafield ind1=" " ind2=" " tag="830"><subfield code="a">Classiques du XXe siècle</subfield><subfield code="p">Musée national d'art moderne</subfield><subfield code="w">(RERO)0445470-41slsp</subfield></datafield><datafield ind1=" " ind2=" " tag="900"><subfield code="a">REROnoselfmerge</subfield></datafield></record>
</metadata></record><record><header status="deleted"><identifier>oai:alma.41SLSP_UGE:991000035239705502</identifier><datestamp>2023-10-31T03:47:37Z</datestamp><setSpec>uge_bcen_RapidILL_BOOK</setSpec><setSpec>uge_aaca_RapidILL_BOOK</setSpec><setSpec>uge_abels_RapidILL_BOOK</setSpec><setSpec>uge_dbu_RapidILL_BOOK</setSpec><setSpec>uge_cmu_RapidILL_BOOK</setSpec><setSpec>uge_mail_RapidILL_BOOK</setSpec><setSpec>uge_abbat_RapidILL_BOOK</setSpec><setSpec>UNIGE_ALL</setSpec><setSpec>uge_acar_RapidILL_BOOK</setSpec><setSpec>uge_aobs_RapidILL_BOOK</setSpec></header></record>