<record><header><identifier>oai:alma.41SLSP_UGE:991000035759705502</identifier><datestamp>2023-06-27T00:15:24Z</datestamp><setSpec>uge_bcen_RapidILL_BOOK</setSpec><setSpec>uge_aaca_RapidILL_BOOK</setSpec><setSpec>uge_abels_RapidILL_BOOK</setSpec><setSpec>uge_dbu_RapidILL_BOOK</setSpec><setSpec>uge_cmu_RapidILL_BOOK</setSpec><setSpec>uge_mail_RapidILL_BOOK</setSpec><setSpec>uge_abbat_RapidILL_BOOK</setSpec><setSpec>UNIGE_ALL</setSpec><setSpec>uge_acar_RapidILL_BOOK</setSpec><setSpec>uge_aobs_RapidILL_BOOK</setSpec></header><metadata>
<record xmlns="http://www.loc.gov/MARC21/slim" xmlns:xsi="http://www.w3.org/2001/XMLSchema-instance" xsi:schemaLocation="http://www.loc.gov/MARC21/slim http://www.loc.gov/standards/marcxml/schema/MARC21slim.xsd"><leader>01492nam a2200361 c 4500</leader><controlfield tag="001">991000035759705502</controlfield><controlfield tag="005">20230625135608.0</controlfield><controlfield tag="008">070423m20062007fr ||||| |||| 10| ||fre d</controlfield><datafield ind1=" " ind2=" " tag="019"><subfield code="a">!!! Attention - Notice analytique !!!</subfield><subfield code="5">RERO/labcud/11.2011</subfield></datafield><datafield ind1=" " ind2=" " tag="020"><subfield code="a">2705337849</subfield><subfield code="q">vol. 1</subfield></datafield><datafield ind1=" " ind2=" " tag="020"><subfield code="a">2705337857</subfield><subfield code="q">vol. 2</subfield></datafield><datafield ind1=" " ind2=" " tag="035"><subfield code="a">(swissbib)105109215-41slsp_network</subfield></datafield><datafield ind1=" " ind2=" " tag="035"><subfield code="a">105109215</subfield><subfield code="9">ExL</subfield></datafield><datafield ind1=" " ind2=" " tag="035"><subfield code="a">(RERO)R004387616-41slsp</subfield></datafield><datafield ind1=" " ind2=" " tag="035"><subfield code="a">(EXLNZ-41SLSP_NETWORK)991054417309705501</subfield></datafield><datafield ind1=" " ind2=" " tag="040"><subfield code="a">RERO labcud</subfield><subfield code="d">CH-ZuSLS</subfield></datafield><datafield ind1=" " ind2="7" tag="072"><subfield code="a">sp</subfield><subfield code="2">rero</subfield></datafield><datafield ind1="0" ind2="0" tag="245"><subfield code="a">Etats et sociétés de l'Orient arabe en quête d'avenir</subfield><subfield code="b">1945-2005</subfield><subfield code="c">sous la dir. de Gérard D. Khoury &amp; Nadine Méouchy</subfield></datafield><datafield ind1=" " ind2="1" tag="264"><subfield code="a">Paris</subfield><subfield code="b">Geuthner</subfield><subfield code="c">2006-2007</subfield></datafield><datafield ind1=" " ind2=" " tag="300"><subfield code="a">2 vol. (303; 483 p.)</subfield><subfield code="b">ill.</subfield></datafield><datafield ind1=" " ind2=" " tag="336"><subfield code="b">txt</subfield><subfield code="2">rdacontent</subfield></datafield><datafield ind1=" " ind2=" " tag="337"><subfield code="b">n</subfield><subfield code="2">rdamedia</subfield></datafield><datafield ind1=" " ind2=" " tag="338"><subfield code="b">nc</subfield><subfield code="2">rdacarrier</subfield></datafield><datafield ind1=" " ind2=" " tag="500"><subfield code="a">Actes de la Semaine internationale d'études sur le Moyen-Orient arabe tenue en 2005 à Aix-en-Provence</subfield></datafield><datafield ind1="0" ind2=" " tag="505"><subfield code="a">Vol. 1: Fondements et sources</subfield></datafield><datafield ind1="0" ind2=" " tag="505"><subfield code="a">Vol. 2: Dynamiques et enjeux</subfield></datafield><datafield ind1=" " ind2="7" tag="650"><subfield code="a">État</subfield><subfield code="0">(IDREF)027297942</subfield><subfield code="2">idref</subfield></datafield><datafield ind1=" " ind2="7" tag="650"><subfield code="a">1945-2005</subfield><subfield code="2">rero</subfield></datafield><datafield ind1=" " ind2="7" tag="650"><subfield code="a">Société</subfield><subfield code="0">(IDREF)269230165</subfield><subfield code="2">idref</subfield></datafield><datafield ind1=" " ind2="7" tag="651"><subfield code="a">Moyen-Orient</subfield><subfield code="0">(IDREF)027356108</subfield><subfield code="2">idref</subfield></datafield><datafield ind1=" " ind2="7" tag="651"><subfield code="a">Pays arabes</subfield><subfield code="0">(IDREF)027228959</subfield><subfield code="2">idref</subfield></datafield><datafield ind1=" " ind2="7" tag="655"><subfield code="a">Actes de congrès</subfield><subfield code="0">(IDREF)02886431X</subfield><subfield code="2">idref</subfield></datafield><datafield ind1="1" ind2=" " tag="700"><subfield code="a">Khoury, Gérard D.</subfield><subfield code="d">1938-2017</subfield><subfield code="0">(IDREF)026949067</subfield></datafield><datafield ind1="2" ind2=" " tag="711"><subfield code="a">Semaine internationale d'études sur le Moyen-Orient arabe</subfield><subfield code="d">2005</subfield><subfield code="c">Aix-en-Provence</subfield><subfield code="0">(RERO)A013208759</subfield></datafield></record>
</metadata></record>