<record><header><identifier>oai:alma.41SLSP_UGE:991000035029705502</identifier><datestamp>2023-06-24T00:16:29Z</datestamp><setSpec>uge_bcen_RapidILL_BOOK</setSpec><setSpec>uge_aaca_RapidILL_BOOK</setSpec><setSpec>uge_abels_RapidILL_BOOK</setSpec><setSpec>uge_dbu_RapidILL_BOOK</setSpec><setSpec>uge_cmu_RapidILL_BOOK</setSpec><setSpec>uge_mail_RapidILL_BOOK</setSpec><setSpec>uge_abbat_RapidILL_BOOK</setSpec><setSpec>UNIGE_ALL</setSpec><setSpec>uge_aobs_RapidILL_BOOK</setSpec><setSpec>uge_acar_RapidILL_BOOK</setSpec></header><metadata>
<record xmlns="http://www.loc.gov/MARC21/slim" xmlns:xsi="http://www.w3.org/2001/XMLSchema-instance" xsi:schemaLocation="http://www.loc.gov/MARC21/slim http://www.loc.gov/standards/marcxml/schema/MARC21slim.xsd"><leader>03863nam a2200421 c 4500</leader><controlfield tag="001">991000035029705502</controlfield><controlfield tag="005">20210206203720.0</controlfield><controlfield tag="008">980428s1996    ru ||||| |||| 00| ||rus d</controlfield><datafield ind1=" " ind2=" " tag="020"><subfield code="a">587604105X</subfield></datafield><datafield ind1=" " ind2=" " tag="035"><subfield code="a">(swissbib)093183399-41slsp_network</subfield></datafield><datafield ind1=" " ind2=" " tag="035"><subfield code="a">093183399</subfield><subfield code="9">ExL</subfield></datafield><datafield ind1=" " ind2=" " tag="035"><subfield code="a">(RERO)R229325060-41slsp</subfield></datafield><datafield ind1=" " ind2=" " tag="035"><subfield code="a">(EXLNZ-41SLSP_NETWORK)991099030699705501</subfield></datafield><datafield ind1=" " ind2=" " tag="040"><subfield code="a">RERO geulru</subfield><subfield code="d">CH-ZuSLS</subfield></datafield><datafield ind1=" " ind2="7" tag="072"><subfield code="a">ru</subfield><subfield code="2">rero</subfield></datafield><datafield ind1="1" ind2=" " tag="100"><subfield code="6">880-01</subfield><subfield code="a">Voloshinov, Valentin Nikolaevich</subfield><subfield code="0">(RERO)A021723553</subfield><subfield code="4">cre</subfield></datafield><datafield ind1="1" ind2=" " tag="880"><subfield code="6">100-01/(N</subfield><subfield code="a">Волошинов, Валентин Николаевич</subfield></datafield><datafield ind1="1" ind2="0" tag="245"><subfield code="6">880-02</subfield><subfield code="a">Statʹi</subfield><subfield code="c">V.N. Voloshinov, P.N. Medvedev, I.I. Kanaev ; [vstup. statʹi︠a︡ V.L. Makhlina ; kommentarii V.L. Makhlina ; pod obshcheĭ red. I.V. Peshkova]</subfield></datafield><datafield ind1="1" ind2="0" tag="880"><subfield code="6">245-02/(N</subfield><subfield code="a">Статьи</subfield><subfield code="c">В.Н. Волошинов, П.Н. Медведев, И.И. Канаев ; [вступ. статья В.Л. Махлина ; комментарии В.Л. Махлина ; под общей ред. И.В. Пешкова]</subfield></datafield><datafield ind1="1" ind2=" " tag="246"><subfield code="a">Statʹi / V.N. Vološinov, P.N. Medvedev, I.I. Kanaev ; [vstup. statʹja V.L. Machlina ; kommentarii V.L. Machlina ; pod obščej red. I.V. Peškova]</subfield></datafield><datafield ind1=" " ind2="1" tag="264"><subfield code="6">880-03</subfield><subfield code="a">Moskva</subfield><subfield code="b">Labirint</subfield><subfield code="c">1996</subfield></datafield><datafield ind1=" " ind2="1" tag="880"><subfield code="6">264-03/(N</subfield><subfield code="a">Москва</subfield><subfield code="b">Лабиринт</subfield><subfield code="c">1996</subfield></datafield><datafield ind1=" " ind2=" " tag="300"><subfield code="a">176 p.</subfield><subfield code="c">20 cm</subfield></datafield><datafield ind1=" " ind2=" " tag="336"><subfield code="b">txt</subfield><subfield code="2">rdacontent</subfield></datafield><datafield ind1=" " ind2=" " tag="337"><subfield code="b">n</subfield><subfield code="2">rdamedia</subfield></datafield><datafield ind1=" " ind2=" " tag="338"><subfield code="b">nc</subfield><subfield code="2">rdacarrier</subfield></datafield><datafield ind1="1" ind2=" " tag="490"><subfield code="6">880-04</subfield><subfield code="a">Bachtin pod maskoj</subfield><subfield code="v">maska 5-aja (pervaja polumaska)</subfield></datafield><datafield ind1="0" ind2=" " tag="880"><subfield code="6">490-04/(N</subfield><subfield code="a">Бахтин под маской</subfield><subfield code="v">маска 5-ая (первая полумаска)</subfield></datafield><datafield ind1="1" ind2=" " tag="700"><subfield code="6">880-05</subfield><subfield code="a">Mahlin, Vitalij Lʹvovič</subfield><subfield code="d">19..-....</subfield><subfield code="0">(IDREF)097589640</subfield></datafield><datafield ind1="1" ind2=" " tag="880"><subfield code="6">700-05/(N</subfield><subfield code="a">Махлин, Виталий Львович</subfield></datafield><datafield ind1="1" ind2=" " tag="700"><subfield code="6">880-06</subfield><subfield code="a">Peshkov, I. V</subfield><subfield code="0">(RERO)A013482480</subfield></datafield><datafield ind1="1" ind2=" " tag="880"><subfield code="6">700-06/(N</subfield><subfield code="a">Пешков, И. В</subfield></datafield><datafield ind1="1" ind2=" " tag="700"><subfield code="6">880-07</subfield><subfield code="a">Medvedev, Pavel Nikolaevič</subfield><subfield code="d">1891-1938</subfield><subfield code="0">(IDREF)114668744</subfield></datafield><datafield ind1="1" ind2=" " tag="880"><subfield code="6">700-07/(N</subfield><subfield code="a">Медведев, Павел Николаевич</subfield></datafield><datafield ind1="1" ind2=" " tag="700"><subfield code="6">880-08</subfield><subfield code="a">Bahtin, Mihail Mihajlovič</subfield><subfield code="d">1895-1975</subfield><subfield code="0">(IDREF)026701626</subfield></datafield><datafield ind1="1" ind2=" " tag="880"><subfield code="6">700-08/(N</subfield><subfield code="a">Бахтин, Михаил Михайлович</subfield></datafield><datafield ind1=" " ind2="0" tag="830"><subfield code="6">880-09</subfield><subfield code="a">Bakhtin pod maskoĭ</subfield><subfield code="v">5, 1</subfield></datafield><datafield ind1=" " ind2="0" tag="880"><subfield code="6">830-09/(N</subfield><subfield code="a">Бахтин под маской</subfield><subfield code="v">5, 1</subfield></datafield><datafield ind1=" " ind2=" " tag="900"><subfield code="a">REROnoselfmerge</subfield></datafield></record>
</metadata></record>