<record><header><identifier>oai:alma.41SLSP_UGE:991000035749705502</identifier><datestamp>2023-04-08T00:11:07Z</datestamp><setSpec>uge_bcen_RapidILL_BOOK</setSpec><setSpec>uge_aaca_RapidILL_BOOK</setSpec><setSpec>uge_abels_RapidILL_BOOK</setSpec><setSpec>uge_dbu_RapidILL_BOOK</setSpec><setSpec>uge_cmu_RapidILL_BOOK</setSpec><setSpec>uge_mail_RapidILL_BOOK</setSpec><setSpec>uge_abbat_RapidILL_BOOK</setSpec><setSpec>UNIGE_ALL</setSpec><setSpec>uge_aobs_RapidILL_BOOK</setSpec><setSpec>uge_acar_RapidILL_BOOK</setSpec></header><metadata>
<record xmlns="http://www.loc.gov/MARC21/slim" xmlns:xsi="http://www.w3.org/2001/XMLSchema-instance" xsi:schemaLocation="http://www.loc.gov/MARC21/slim http://www.loc.gov/standards/marcxml/schema/MARC21slim.xsd"><leader>03215nam a22004457c 4500</leader><controlfield tag="001">991000035749705502</controlfield><controlfield tag="005">20230407192404.0</controlfield><controlfield tag="008">201012s1999    fr ||||| |||| 00| ||fre d</controlfield><datafield ind1=" " ind2=" " tag="020"><subfield code="a">2738106579</subfield></datafield><datafield ind1="7" ind2=" " tag="024"><subfield code="a">http://catalogue.bnf.fr/ark:/12148/cb37006408n</subfield><subfield code="2">uri</subfield></datafield><datafield ind1=" " ind2=" " tag="035"><subfield code="a">(swissbib)240370678-41slsp_network</subfield></datafield><datafield ind1=" " ind2=" " tag="035"><subfield code="a">240370678</subfield><subfield code="9">ExL</subfield></datafield><datafield ind1=" " ind2=" " tag="035"><subfield code="a">(RERO)R243685960-41slsp</subfield></datafield><datafield ind1=" " ind2=" " tag="035"><subfield code="a">(IDSBB)003925654DSV01</subfield></datafield><datafield ind1=" " ind2=" " tag="035"><subfield code="a">(EXLNZ-41SLSP_NETWORK)991113306979705501</subfield></datafield><datafield ind1=" " ind2=" " tag="040"><subfield code="a">RERO frbcuc</subfield><subfield code="d">CH-ZuSLS</subfield></datafield><datafield ind1=" " ind2="7" tag="072"><subfield code="a">me</subfield><subfield code="2">rero</subfield></datafield><datafield ind1=" " ind2="7" tag="072"><subfield code="a">ss</subfield><subfield code="2">rero</subfield></datafield><datafield ind1=" " ind2=" " tag="084"><subfield code="a">XI 5800</subfield><subfield code="2">rvk</subfield></datafield><datafield ind1="1" ind2=" " tag="100"><subfield code="a">Roques, Bernard</subfield><subfield code="0">(RERO)A005971568</subfield><subfield code="4">cre</subfield></datafield><datafield ind1="1" ind2="0" tag="245"><subfield code="a">&lt;&lt;La&gt;&gt; dangerosité des drogues</subfield><subfield code="b">rapport au secrétariat d'Etat à la Santé</subfield><subfield code="c">Bernard Roques ; préf. de Bernard Kouchner</subfield></datafield><datafield ind1=" " ind2="1" tag="264"><subfield code="a">Paris</subfield><subfield code="b">O. Jacob</subfield><subfield code="c">1998 (cop. et dépôt légal 1999)</subfield></datafield><datafield ind1=" " ind2=" " tag="300"><subfield code="a">316 p.</subfield><subfield code="c">19 cm</subfield></datafield><datafield ind1=" " ind2=" " tag="336"><subfield code="b">txt</subfield><subfield code="2">rdacontent</subfield></datafield><datafield ind1=" " ind2=" " tag="337"><subfield code="b">n</subfield><subfield code="2">rdamedia</subfield></datafield><datafield ind1=" " ind2=" " tag="338"><subfield code="b">nc</subfield><subfield code="2">rdacarrier</subfield></datafield><datafield ind1=" " ind2=" " tag="385"><subfield code="a">Adolescents (12-15 ans)</subfield><subfield code="2">rero</subfield></datafield><datafield ind1="0" ind2=" " tag="505"><subfield code="a">Pharmacologie et toxicologie: rappels sur les notions &quot;effets-doses&quot;. Activation des systèmes hédoniques. Données récentes sur les mécanismes neurobiologiques. Neurotoxicité centrale: l'exemple des psychostimulants. Usage de substances psychoactives et troubles psychiques. Imagerie médicale et effet des drogues chez l'homme. L'alcool. La cocaïne. L'ecstasy. Les opioïdes. Le cannabis. Le tabac. Médicaments et pharmacodépendance. Association de substances psychoactives à l'origine de dépendance et risques associés. Effets des substances psychotropes chez la femme enceinte et le nouveau-né. Toxicité potentielle des traitements substitutifs à la méthadone. Délivrance contrôlée d'héroïne. Pharmacothérapie des conduites abusives. Conclusions générales: étude comparative de la &quot;dangerosité&quot; des &quot;drogues&quot;. Recommandations générales. Mise en place d'agences européennes et française d'études et de recherches sur la consommation des drogues</subfield></datafield><datafield ind1="8" ind2=" " tag="520"><subfield code="a">Voici la synthèse scientifique la plus complète à l'heure actuelle sur les mécanismes généraux de la dépendance et sur les effets des différentes drogues, notamment sur le cerveau. Où l'on apprend en particulier que les dangers de l'alcool sont proches de ceux de l'héroïne et de la cocaïne, et que le tabac vient ensuite, avec les hallucinogènes, mais devant le cannabis. Ce livre met néanmoins en garde contre l'ensemble des drogues: aucune n'est dépourvue de toxicité, et toutes sont susceptibles d'engendrer des dépendances plus ou moins fortes. Une pièce essentielle dans le débat de la santé publique. &lt;Editeur&gt;</subfield><subfield code="5">RERO/vdimsp/05.2013</subfield></datafield><datafield ind1=" " ind2="2" tag="650"><subfield code="a">Central Nervous System Depressants</subfield><subfield code="x">pharmacokinetics</subfield></datafield><datafield ind1=" " ind2="2" tag="650"><subfield code="a">Substance-Related Disorders</subfield><subfield code="x">etiology</subfield></datafield><datafield ind1=" " ind2="2" tag="650"><subfield code="a">Drug and Narcotic Control</subfield></datafield><datafield ind1=" " ind2="2" tag="650"><subfield code="a">Substance-Related Disorders</subfield></datafield><datafield ind1=" " ind2="7" tag="650"><subfield code="a">Dangerosité</subfield><subfield code="0">(IDREF)027807649</subfield><subfield code="2">idref</subfield></datafield><datafield ind1=" " ind2="7" tag="650"><subfield code="a">étude comparative</subfield><subfield code="0">(RERO)A010080831</subfield><subfield code="2">rerovoc</subfield></datafield><datafield ind1=" " ind2="7" tag="650"><subfield code="a">Drogues</subfield><subfield code="0">(IDREF)027232379</subfield><subfield code="2">idref</subfield></datafield><datafield ind1=" " ind2="2" tag="651"><subfield code="a">France</subfield></datafield><datafield ind1=" " ind2="7" tag="651"><subfield code="a">France</subfield><subfield code="0">(IDREF)027226794</subfield><subfield code="2">idref</subfield></datafield><datafield ind1=" " ind2="2" tag="651"><subfield code="a">France</subfield><subfield code="0">(DNLM)D005602</subfield></datafield><datafield ind1="1" ind2=" " tag="710"><subfield code="a">France</subfield><subfield code="b">Secrétariat d'État à la santé</subfield><subfield code="g">1997-1999</subfield><subfield code="0">(IDREF)035019336</subfield></datafield><datafield ind1=" " ind2=" " tag="900"><subfield code="a">REROnoselfmerge</subfield></datafield></record>
</metadata></record>