<record><header><identifier>oai:alma.41SLSP_UGE:991000035439705502</identifier><datestamp>2023-03-01T01:08:47Z</datestamp><setSpec>uge_bcen_RapidILL_BOOK</setSpec><setSpec>uge_aaca_RapidILL_BOOK</setSpec><setSpec>uge_abels_RapidILL_BOOK</setSpec><setSpec>uge_dbu_RapidILL_BOOK</setSpec><setSpec>uge_cmu_RapidILL_BOOK</setSpec><setSpec>uge_mail_RapidILL_BOOK</setSpec><setSpec>UNIGE_ALL</setSpec><setSpec>uge_abbat_RapidILL_BOOK</setSpec><setSpec>uge_aobs_RapidILL_BOOK</setSpec><setSpec>uge_acar_RapidILL_BOOK</setSpec></header><metadata>
<record xmlns="http://www.loc.gov/MARC21/slim" xmlns:xsi="http://www.w3.org/2001/XMLSchema-instance" xsi:schemaLocation="http://www.loc.gov/MARC21/slim http://www.loc.gov/standards/marcxml/schema/MARC21slim.xsd"><leader>03349nam a22003852c 4500</leader><controlfield tag="001">991000035439705502</controlfield><controlfield tag="005">20201222230534.0</controlfield><controlfield tag="008">140313s2013    ru ||||| |||| 00| ||rus d</controlfield><datafield ind1=" " ind2=" " tag="020"><subfield code="a">5170818602</subfield><subfield code="q">hd. bd.</subfield></datafield><datafield ind1=" " ind2=" " tag="020"><subfield code="a">9785170818600</subfield><subfield code="q">hd. bd.</subfield></datafield><datafield ind1="7" ind2=" " tag="024"><subfield code="a">http://catalogue.bnf.fr/ark:/12148/cb44343152m</subfield><subfield code="2">uri</subfield></datafield><datafield ind1=" " ind2=" " tag="035"><subfield code="a">(swissbib)119354128-41slsp_network</subfield></datafield><datafield ind1=" " ind2=" " tag="035"><subfield code="a">119354128</subfield><subfield code="9">ExL</subfield></datafield><datafield ind1=" " ind2=" " tag="035"><subfield code="a">(RERO)R007676443-41slsp</subfield></datafield><datafield ind1=" " ind2=" " tag="035"><subfield code="a">(EXLNZ-41SLSP_NETWORK)991108008989705501</subfield></datafield><datafield ind1=" " ind2=" " tag="040"><subfield code="a">CSL</subfield><subfield code="d">CH-ZuSLS</subfield></datafield><datafield ind1=" " ind2="7" tag="072"><subfield code="a">ru</subfield><subfield code="2">rero</subfield></datafield><datafield ind1="1" ind2=" " tag="100"><subfield code="6">880-01</subfield><subfield code="a">Vodolazkin, Evgenij Germanovič</subfield><subfield code="d">1964-....</subfield><subfield code="0">(IDREF)059809086</subfield><subfield code="4">cre</subfield></datafield><datafield ind1="1" ind2=" " tag="880"><subfield code="6">100-01/(N</subfield><subfield code="a">Водолазкин, Евгений Германович</subfield><subfield code="d">1964-</subfield></datafield><datafield ind1="1" ind2="0" tag="245"><subfield code="6">880-02</subfield><subfield code="a">Sovsem drugoe vremi︠a︡</subfield><subfield code="b">roman, povestʹ, rasskazy</subfield><subfield code="c">Evgeniĭ Vodolazkin</subfield></datafield><datafield ind1="1" ind2="0" tag="880"><subfield code="6">245-02/(N</subfield><subfield code="a">Совсем другое время</subfield><subfield code="b">роман, повесть, рассказы</subfield><subfield code="c">Евгений Водолазкин</subfield></datafield><datafield ind1="1" ind2=" " tag="246"><subfield code="a">Sovsem drugoe vremja</subfield></datafield><datafield ind1=" " ind2="1" tag="264"><subfield code="6">880-03</subfield><subfield code="a">Moskva</subfield><subfield code="b">AST</subfield><subfield code="c">[2013]</subfield></datafield><datafield ind1=" " ind2="1" tag="880"><subfield code="6">264-03/(N</subfield><subfield code="a">Москва</subfield><subfield code="b">АСТ</subfield><subfield code="c">[2013]</subfield></datafield><datafield ind1=" " ind2=" " tag="300"><subfield code="a">477 p.</subfield><subfield code="c">21 cm.</subfield></datafield><datafield ind1=" " ind2=" " tag="336"><subfield code="b">txt</subfield><subfield code="2">rdacontent</subfield></datafield><datafield ind1=" " ind2=" " tag="337"><subfield code="b">n</subfield><subfield code="2">rdamedia</subfield></datafield><datafield ind1=" " ind2=" " tag="338"><subfield code="b">nc</subfield><subfield code="2">rdacarrier</subfield></datafield><datafield ind1="0" ind2=" " tag="490"><subfield code="a">Proza Evgenii︠a︡ Vodolazkina</subfield></datafield><datafield ind1=" " ind2=" " tag="500"><subfield code="a">&quot;Literaturno-khudozhestvennoe izdanie&quot;--Colophon</subfield></datafield><datafield ind1=" " ind2=" " tag="500"><subfield code="a">&quot;Литературно-художественное издание&quot;--Colophon</subfield></datafield><datafield ind1="0" ind2=" " tag="505"><subfield code="6">880-05</subfield><subfield code="a">Solovʹev i Larionov : roman -- Blizkie druzʹi︠a︡ : povestʹ -- Kunstkamera v lit︠s︡akh -- Dom i ostrov -- Sluzhba poputchika -- Sovsem drugoe vremi︠a︡</subfield></datafield><datafield ind1="0" ind2=" " tag="880"><subfield code="6">505-05/(N</subfield><subfield code="a">Соловьев и Ларионов : роман -- Близкие друзья : повесть -- Кунсткамера в лицах -- Дом и остров -- Служба попутчика -- Совсем другое время</subfield></datafield><datafield ind1=" " ind2="0" tag="650"><subfield code="a">Russian fiction</subfield><subfield code="y">21st century</subfield></datafield><datafield ind1=" " ind2=" " tag="900"><subfield code="a">REROnoselfmerge</subfield></datafield><datafield ind1=" " ind2=" " tag="910"><subfield code="a">OCoLC</subfield><subfield code="b">20140313</subfield><subfield code="c">Droits réservés</subfield></datafield></record>
</metadata></record>