<record><header><identifier>oai:alma.41SLSP_UGE:991000034939705502</identifier><datestamp>2023-03-29T00:16:01Z</datestamp><setSpec>uge_bcen_RapidILL_BOOK</setSpec><setSpec>uge_aaca_RapidILL_BOOK</setSpec><setSpec>uge_abels_RapidILL_BOOK</setSpec><setSpec>uge_dbu_RapidILL_BOOK</setSpec><setSpec>uge_cmu_RapidILL_BOOK</setSpec><setSpec>uge_mail_RapidILL_BOOK</setSpec><setSpec>uge_abbat_RapidILL_BOOK</setSpec><setSpec>UNIGE_ALL</setSpec><setSpec>uge_acar_RapidILL_BOOK</setSpec><setSpec>uge_aobs_RapidILL_BOOK</setSpec></header><metadata>
<record xmlns="http://www.loc.gov/MARC21/slim" xmlns:xsi="http://www.w3.org/2001/XMLSchema-instance" xsi:schemaLocation="http://www.loc.gov/MARC21/slim http://www.loc.gov/standards/marcxml/schema/MARC21slim.xsd"><leader>05845nam a2200745uc 4500</leader><controlfield tag="001">991000034939705502</controlfield><controlfield tag="005">20230328201626.0</controlfield><controlfield tag="008">201011t19971997gw            00| | ger d</controlfield><datafield ind1=" " ind2=" " tag="020"><subfield code="a">9783158582079</subfield></datafield><datafield ind1=" " ind2=" " tag="020"><subfield code="a">3518582070</subfield></datafield><datafield ind1=" " ind2=" " tag="035"><subfield code="a">(swissbib)230866123-41slsp_network</subfield></datafield><datafield ind1=" " ind2=" " tag="035"><subfield code="a">230866123</subfield><subfield code="9">ExL</subfield></datafield><datafield ind1=" " ind2=" " tag="035"><subfield code="a">(IDSLU)000099954ILU01</subfield></datafield><datafield ind1=" " ind2=" " tag="035"><subfield code="a">(IDSBB)001396098DSV01</subfield></datafield><datafield ind1=" " ind2=" " tag="035"><subfield code="a">(NEBIS)001597728EBI01</subfield></datafield><datafield ind1=" " ind2=" " tag="035"><subfield code="a">(RERO)R214974660-41slsp</subfield></datafield><datafield ind1=" " ind2=" " tag="035"><subfield code="a">(IDSSG)000158055HSB01</subfield></datafield><datafield ind1=" " ind2=" " tag="035"><subfield code="a">(EXLNZ-41SLSP_NETWORK)991060404929705501</subfield></datafield><datafield ind1=" " ind2=" " tag="040"><subfield code="a">SzZuIDS LU LUZHB</subfield><subfield code="e">kids</subfield><subfield code="d">CH-ZuSLS</subfield></datafield><datafield ind1=" " ind2="7" tag="072"><subfield code="a">100</subfield><subfield code="2">IDS LU</subfield></datafield><datafield ind1=" " ind2="7" tag="072"><subfield code="a">ph</subfield><subfield code="2">SzZuIDS BS/BE</subfield></datafield><datafield ind1=" " ind2="7" tag="072"><subfield code="a">ph</subfield><subfield code="2">rero</subfield></datafield><datafield ind1="1" ind2=" " tag="080"><subfield code="a">1&quot;19&quot;(09)</subfield></datafield><datafield ind1="0" ind2="0" tag="082"><subfield code="a">146/.42</subfield><subfield code="2">21</subfield></datafield><datafield ind1="0" ind2="4" tag="082"><subfield code="a">501</subfield></datafield><datafield ind1=" " ind2=" " tag="084"><subfield code="a">CI 1180</subfield><subfield code="2">rvk</subfield></datafield><datafield ind1=" " ind2=" " tag="084"><subfield code="a">CI 1150</subfield><subfield code="2">rvk</subfield></datafield><datafield ind1="1" ind2=" " tag="100"><subfield code="a">Stadler, Friedrich</subfield><subfield code="d">1951-</subfield><subfield code="0">(DE-588)115366741</subfield><subfield code="6">880-01</subfield></datafield><datafield ind1="1" ind2=" " tag="880"><subfield code="a">Stadler, Friedrich</subfield><subfield code="0">(RERO)A003856252</subfield><subfield code="4">cre</subfield><subfield code="6">100-01</subfield></datafield><datafield ind1="1" ind2="0" tag="245"><subfield code="a">Studien zum Wiener Kreis</subfield><subfield code="b">Ursprung, Entwicklung und Wirkung des logischen Empirismus im Kontext</subfield><subfield code="c">Friedrich Stadler</subfield></datafield><datafield ind1=" " ind2="1" tag="264"><subfield code="a">Frankfurt a.M.</subfield><subfield code="b">Suhrkamp</subfield><subfield code="c">1997</subfield></datafield><datafield ind1=" " ind2="4" tag="264"><subfield code="c">© 1997</subfield></datafield><datafield ind1=" " ind2=" " tag="300"><subfield code="a">1034 S.</subfield><subfield code="b">Front., Tab., Ill.</subfield><subfield code="c">21 cm</subfield></datafield><datafield ind1=" " ind2=" " tag="336"><subfield code="b">txt</subfield><subfield code="2">rdacontent</subfield></datafield><datafield ind1=" " ind2=" " tag="337"><subfield code="b">n</subfield><subfield code="2">rdamedia</subfield></datafield><datafield ind1=" " ind2=" " tag="338"><subfield code="b">nc</subfield><subfield code="2">rdacarrier</subfield></datafield><datafield ind1=" " ind2=" " tag="504"><subfield code="a">Literaturverz. S. 962 - 1012</subfield></datafield><datafield ind1=" " ind2=" " tag="504"><subfield code="a">Literaturhinweise</subfield></datafield><datafield ind1="0" ind2=" " tag="505"><subfield code="a">Mit der Erstveröffentlichung der Protokolle des Wiener Kreises und einem Gespräch mit Karl Popper</subfield></datafield><datafield ind1="1" ind2="7" tag="600"><subfield code="a">Mach, Ernst</subfield><subfield code="d">1838-1916</subfield><subfield code="0">(DE-588)118575767</subfield><subfield code="2">gnd</subfield></datafield><datafield ind1="1" ind2="7" tag="600"><subfield code="a">Menger, Karl</subfield><subfield code="d">1902-1985</subfield><subfield code="0">(DE-588)119198215</subfield><subfield code="2">gnd</subfield></datafield><datafield ind1="1" ind2="7" tag="600"><subfield code="a">Wittgenstein, Ludwig</subfield><subfield code="d">1889-1951</subfield><subfield code="0">(DE-588)118634313</subfield><subfield code="2">gnd</subfield></datafield><datafield ind1=" " ind2="7" tag="648"><subfield code="a">Geschichte</subfield><subfield code="2">idszbz</subfield></datafield><datafield ind1=" " ind2="7" tag="650"><subfield code="a">Wiener Kreis</subfield><subfield code="2">idsbb</subfield></datafield><datafield ind1=" " ind2="7" tag="650"><subfield code="a">Wiener Kreis</subfield><subfield code="2">idszbz</subfield></datafield><datafield ind1=" " ind2="7" tag="650"><subfield code="a">Neopositivismus</subfield><subfield code="0">(DE-588)4041608-2</subfield><subfield code="2">gnd</subfield></datafield><datafield ind1=" " ind2="7" tag="650"><subfield code="a">Biobibliografie</subfield><subfield code="0">(DE-588)4145590-3</subfield><subfield code="2">gnd</subfield></datafield><datafield ind1=" " ind2="7" tag="650"><subfield code="a">Mitglied</subfield><subfield code="0">(DE-588)4114609-8</subfield><subfield code="2">gnd</subfield></datafield><datafield ind1=" " ind2="0" tag="650"><subfield code="a">Vienna circle</subfield></datafield><datafield ind1=" " ind2="0" tag="650"><subfield code="a">Vienna circle</subfield><subfield code="v">Bio-bibliography</subfield></datafield><datafield ind1=" " ind2="7" tag="650"><subfield code="a">NEOPOSITIVISMUS (ERKENNTNISTHEORIE)</subfield><subfield code="9">ger</subfield><subfield code="0">(ETHUDK)000009685</subfield><subfield code="2">ethudk</subfield></datafield><datafield ind1=" " ind2="7" tag="650"><subfield code="a">WISSENSCHAFTSGESCHICHTE</subfield><subfield code="9">ger</subfield><subfield code="0">(ETHUDK)000041769</subfield><subfield code="2">ethudk</subfield></datafield><datafield ind1=" " ind2="7" tag="650"><subfield code="a">Positivisme logique</subfield><subfield code="0">(IDREF)027243443</subfield><subfield code="2">idref</subfield></datafield><datafield ind1=" " ind2="7" tag="650"><subfield code="a">Wiener Kreis</subfield><subfield code="0">(DE-588)4079286-9</subfield><subfield code="2">gnd</subfield></datafield><datafield ind1=" " ind2="7" tag="655"><subfield code="a">Bibliografie</subfield><subfield code="2">gnd-content</subfield></datafield><datafield ind1=" " ind2="7" tag="655"><subfield code="a">Quelle</subfield><subfield code="2">idszbz</subfield></datafield><datafield ind1=" " ind2="7" tag="655"><subfield code="a">Biografie</subfield><subfield code="2">gnd-content</subfield></datafield><datafield ind1=" " ind2=" " tag="690"><subfield code="a">Positivismus, logischer, B: Wiener Kreis</subfield><subfield code="2">rzs-L1</subfield></datafield><datafield ind1=" " ind2=" " tag="690"><subfield code="a">Konstruktivismus; Positivismus; Wissenschaftstheorie; Aufklärung; Entwicklung; Hahn; Statistik; Systematik; Mathematik; Psychologie; Pädagogik; Dokumentation; Dogmengeschichte; Geschichtswissenschaft; Hochschullehrer; Weltanschauung; Bibliographie; Carnap; Einheit; Kongress; Übersicht; Besetzung; Diskussion; Empirismus; Kommunikation; internationale Konferenz; Frank; Gödel; Kraft; kaufmännische Berufe; Exkurs; Literatur; Friedrich; Rose; Protokoll; Schrift</subfield><subfield code="2">idssg-J</subfield></datafield><datafield ind1=" " ind2=" " tag="690"><subfield code="a">Bildstatistik; Lehrkanzelbesetzung; Volksbildung; Bildpädagogik; Biobibliographie; Inhaltsübersicht; Phänomenologie; Gegenstandsbereich; Popper-Legende; Programmschrift; Wirtschaftsmuseum; Zirkelprotokoll; Einheitswissenschaft; Familienähnlichkeit; Physikalismus-Streit; Sprachspiel; Tagung-Prag; Wien-Berlin-Prag; Annäherungsversuch; Bildnachweis; Denkkollektiv; Denkstil; Gesellschaftsmuseum; Gomperz-Kreis; Habilitationsversuch; Isotype; Namenregister; Rückblick; Schlick-Zirkel; Sprachkritik; Spätaufklärung; Ständestaat; Und-Polarisierung; Vortragstätigkeit; Vortragszyklus</subfield><subfield code="2">idssg-J</subfield></datafield><datafield ind1=" " ind2=" " tag="690"><subfield code="a">analytische Aussage; dritter Kongress; erstes Tagung-Prag; soziale Lage; universitäre Dimension; vierter Kongress; zweiter Kongress; österreichische Philosophie; altösterreichische Spur; editorische Notiz; eigentlicher Begründer; erster Kongress; erste Republik; erster Teil; exakte Wissenschaft; geistig-politische Situation; hochschulpolitisches Ereignis; innere Entwicklung; internationales Tagung-Prag; internationaler Kongress; kulturelle Lage; logischer Empirismus; logische Toleranz; mathematisches Kolloquium; nichtöffentliche Phase; objektivistisch-phänomenologisches Paradigma; philosophische Grundströmung; politische Grafik; politische Lage; prager Vorkonferenz; sozialistischer Hochschullehrer; soziokulturelles Umfeld; synthetische Aussage; volksbildnerische Dimension; wiener Hochschule; wiener Kreis; wissenschaftliche Kommunikation; wissenschaftliche Philosophie; wissenschaftliche Weltauffassung; zweite Tagung; zweiter Teil; öffentliche Phase; österreichische Philosophie</subfield><subfield code="2">idssg-J</subfield></datafield><datafield ind1=" " ind2=" " tag="690"><subfield code="a">Österreich C4EUAU; Vereinigte Staaten C1USA; Frankreich C4EUFR; Tschechien C4EXCZ; Großbritannien C4EUUK; England C4EUUK; Deutschland C4EUGE; Dänemark C4EUDE; Schweiz C4EXSI</subfield><subfield code="2">idssg-J</subfield></datafield><datafield ind1=" " ind2=" " tag="690"><subfield code="a">Alfred J. Ayer; Alfred Tarski; Arne Nazss; Bach; Bela Juhos; Bernard Bplzano; Boltzmann; Brouwer; Carl Gustav Hempel; Charles W. Morris; Kongress For The Unity Of Science; Kongress for the Unity of Science; dritt Internationaler Kongreß; Edgar Zilsel; Egon Brunswik; Eino Kaila; Einstein; Else Frenkel; Ernst Mach; erst Internationale Tagung-Prag; Felix Kaufmann; For The Unity Of; For the Unity of; Foundations of the Unity; Franz Brentano; Friedrich Stadler; Friedrich Waismanns; Gustav Bergmann; Hans Eibl; Hans Hahn; Hans Kelsen; Hans Reichenbach; Heinrich Gomperz; Herbert Feigl; Josef Frank; Josef Schächter; Karl Bühler; Karl Mengers Wiener Kreis; Karl Popper; Karl Raimund; Kurt Gödel; Kurt Reidemeister; Ludwig Wittgenstein; Moritz Schlick; Olga Hahn- Neurath; Olga Taussky; On zi schen Loi; Orman Quine; Otto Neuraths Gesellschafts-</subfield><subfield code="2">idssg-J</subfield></datafield><datafield ind1="4" ind2=" " tag="856"><subfield code="3">Inhaltsverzeichnis</subfield><subfield code="u">https://www.ub.unibas.ch/tox/HBZ/HT007526207/PDF</subfield><subfield code="q">pdf</subfield></datafield><datafield ind1=" " ind2=" " tag="900"><subfield code="a">REROnoselfmerge</subfield></datafield><datafield ind1=" " ind2=" " tag="949"><subfield code="a">https://www.ub.unibas.ch/tox/HBZ/HT007526207/PDF</subfield></datafield></record>
</metadata></record>