<record><header><identifier>oai:alma.41SLSP_UGE:991000009029705502</identifier><datestamp>2024-04-20T00:13:08Z</datestamp><setSpec>uge_bcen_RapidILL_BOOK</setSpec><setSpec>uge_aaca_RapidILL_BOOK</setSpec><setSpec>uge_abels_RapidILL_BOOK</setSpec><setSpec>uge_dbu_RapidILL_BOOK</setSpec><setSpec>uge_cmu_RapidILL_BOOK</setSpec><setSpec>uge_mail_RapidILL_BOOK</setSpec><setSpec>uge_abbat_RapidILL_BOOK</setSpec><setSpec>UNIGE_ALL</setSpec><setSpec>uge_aobs_RapidILL_BOOK</setSpec><setSpec>uge_acar_RapidILL_BOOK</setSpec></header><metadata>
<record xmlns="http://www.loc.gov/MARC21/slim" xmlns:xsi="http://www.w3.org/2001/XMLSchema-instance" xsi:schemaLocation="http://www.loc.gov/MARC21/slim http://www.loc.gov/standards/marcxml/schema/MARC21slim.xsd"><leader>03717nam a2200865uc 4500</leader><controlfield tag="001">991000009029705502</controlfield><controlfield tag="005">20230205215112.0</controlfield><controlfield tag="008">201011s1980    gw     |      00| ||ger|d</controlfield><datafield ind1=" " ind2=" " tag="020"><subfield code="a">3150102979</subfield></datafield><datafield ind1=" " ind2=" " tag="035"><subfield code="a">(swissbib)213824477-41slsp_network</subfield></datafield><datafield ind1=" " ind2=" " tag="035"><subfield code="a">213824477</subfield><subfield code="9">ExL</subfield></datafield><datafield ind1=" " ind2=" " tag="035"><subfield code="a">(NEBIS)000222143EBI01</subfield></datafield><datafield ind1=" " ind2=" " tag="035"><subfield code="a">(IDSBB)000016946DSV01</subfield></datafield><datafield ind1=" " ind2=" " tag="035"><subfield code="a">(RERO)0433303-41slsp</subfield></datafield><datafield ind1=" " ind2=" " tag="035"><subfield code="a">(SBT)000853566SBT01</subfield></datafield><datafield ind1=" " ind2=" " tag="035"><subfield code="a">(IDSLU)000620423ILU01</subfield></datafield><datafield ind1=" " ind2=" " tag="035"><subfield code="a">(EXLNZ-41SLSP_NETWORK)991054255609705501</subfield></datafield><datafield ind1=" " ind2=" " tag="040"><subfield code="a">ETH-BIB</subfield><subfield code="b">ger</subfield><subfield code="e">ETHICS-ISBD</subfield><subfield code="d">CH-ZuSLS</subfield></datafield><datafield ind1=" " ind2="7" tag="072"><subfield code="a">kh</subfield><subfield code="2">SzZuIDS BS/BE</subfield></datafield><datafield ind1=" " ind2="7" tag="072"><subfield code="a">ba</subfield><subfield code="2">rero</subfield></datafield><datafield ind1=" " ind2="7" tag="072"><subfield code="a">go</subfield><subfield code="2">rero</subfield></datafield><datafield ind1="1" ind2=" " tag="080"><subfield code="a">7(44)</subfield></datafield><datafield ind1="0" ind2="0" tag="082"><subfield code="a">914.4/0483 s</subfield><subfield code="a">914.4/38304838</subfield><subfield code="2">19</subfield></datafield><datafield ind1=" " ind2=" " tag="084"><subfield code="a">9,10</subfield><subfield code="2">ssgn</subfield></datafield><datafield ind1=" " ind2=" " tag="084"><subfield code="a">LH 10060</subfield><subfield code="2">rvk</subfield></datafield><datafield ind1="1" ind2=" " tag="100"><subfield code="a">Deuchler, Florens</subfield><subfield code="d">1931-2018</subfield><subfield code="0">(DE-588)122032306</subfield><subfield code="6">880-01</subfield></datafield><datafield ind1="1" ind2=" " tag="880"><subfield code="6">100-01</subfield><subfield code="a">Deuchler, Florens</subfield><subfield code="d">1931-....</subfield><subfield code="0">(IDREF)026829002</subfield></datafield><datafield ind1="1" ind2="0" tag="245"><subfield code="a">Elsass</subfield><subfield code="b">Kunstdenkmäler und Museen</subfield><subfield code="c">von Florens Deuchler und Jean Wirth</subfield></datafield><datafield ind1=" " ind2="1" tag="264"><subfield code="a">Stuttgart</subfield><subfield code="b">Reclam</subfield><subfield code="c">1980</subfield></datafield><datafield ind1=" " ind2=" " tag="300"><subfield code="a">337 S.</subfield><subfield code="b">Ill., Karten, Pläne</subfield><subfield code="c">16 cm</subfield></datafield><datafield ind1=" " ind2=" " tag="336"><subfield code="b">txt</subfield><subfield code="2">rdacontent</subfield></datafield><datafield ind1=" " ind2=" " tag="337"><subfield code="b">n</subfield><subfield code="2">rdamedia</subfield></datafield><datafield ind1=" " ind2=" " tag="338"><subfield code="b">nc</subfield><subfield code="2">rdacarrier</subfield></datafield><datafield ind1="1" ind2=" " tag="490"><subfield code="a">Reclams Kunstführer. Frankreich</subfield><subfield code="v">Band 2</subfield></datafield><datafield ind1="1" ind2=" " tag="490"><subfield code="a">Frankreich</subfield><subfield code="v">Bd. 2</subfield></datafield><datafield ind1="1" ind2=" " tag="490"><subfield code="a">Universal-Bibliothek</subfield><subfield code="v">Nr. 10297</subfield></datafield><datafield ind1=" " ind2="7" tag="650"><subfield code="a">Museum</subfield><subfield code="0">(DE-588)4040795-0</subfield><subfield code="2">gnd</subfield></datafield><datafield ind1=" " ind2="0" tag="650"><subfield code="a">Art, French</subfield><subfield code="z">France</subfield><subfield code="z">Alsace</subfield><subfield code="v">Guidebooks</subfield></datafield><datafield ind1=" " ind2="0" tag="650"><subfield code="a">Art, German</subfield><subfield code="z">France</subfield><subfield code="z">Alsace</subfield><subfield code="v">Guidebooks</subfield></datafield><datafield ind1=" " ind2="0" tag="650"><subfield code="a">Art</subfield><subfield code="z">France</subfield><subfield code="z">Alsace</subfield><subfield code="v">Guidebooks</subfield></datafield><datafield ind1=" " ind2="7" tag="650"><subfield code="a">ALSACE, EHEMALIGE REGION (FRANKREICH)</subfield><subfield code="9">ger</subfield><subfield code="0">(ETHUDK)000003379</subfield><subfield code="2">ethudk</subfield></datafield><datafield ind1=" " ind2="7" tag="650"><subfield code="a">ARCHITEKTURINVENTARE + ARCHITEKTURFÜHRER</subfield><subfield code="9">ger</subfield><subfield code="0">(ETHUDK)000035450</subfield><subfield code="2">ethudk</subfield></datafield><datafield ind1=" " ind2="7" tag="650"><subfield code="a">BAUDENKMÄLER (DENKMALPFLEGE)</subfield><subfield code="9">ger</subfield><subfield code="0">(ETHUDK)000035626</subfield><subfield code="2">ethudk</subfield></datafield><datafield ind1=" " ind2="7" tag="650"><subfield code="a">KUNSTFÜHRER + KULTURFÜHRER</subfield><subfield code="9">ger</subfield><subfield code="0">(ETHUDK)000009241</subfield><subfield code="2">ethudk</subfield></datafield><datafield ind1=" " ind2="7" tag="650"><subfield code="a">MUSEUMSFÜHRER (VERZEICHNISSE VON MUSEEN)</subfield><subfield code="9">ger</subfield><subfield code="0">(ETHUDK)000045422</subfield><subfield code="2">ethudk</subfield></datafield><datafield ind1=" " ind2="7" tag="650"><subfield code="a">Kunst</subfield><subfield code="z">Elsass</subfield><subfield code="v">Führer</subfield><subfield code="2">idsbb</subfield></datafield><datafield ind1=" " ind2="7" tag="650"><subfield code="a">Architektur</subfield><subfield code="z">Elsass</subfield><subfield code="v">Führer</subfield><subfield code="2">idsbb</subfield></datafield><datafield ind1=" " ind2="7" tag="650"><subfield code="a">Museum</subfield><subfield code="z">Elsass</subfield><subfield code="v">Führer</subfield><subfield code="2">idsbb</subfield></datafield><datafield ind1=" " ind2="7" tag="650"><subfield code="a">Monuments historiques</subfield><subfield code="0">(IDREF)027239829</subfield><subfield code="2">idref</subfield></datafield><datafield ind1=" " ind2="7" tag="650"><subfield code="a">Musées</subfield><subfield code="0">(IDREF)02733001X</subfield><subfield code="2">idref</subfield></datafield><datafield ind1=" " ind2="7" tag="651"><subfield code="a">Elsass</subfield><subfield code="0">(DE-588)4014500-1</subfield><subfield code="2">gnd</subfield></datafield><datafield ind1=" " ind2="0" tag="651"><subfield code="a">Alsace (France)</subfield><subfield code="v">Guidebooks</subfield></datafield><datafield ind1=" " ind2="7" tag="651"><subfield code="a">Alsace (France)</subfield><subfield code="0">(IDREF)02788743X</subfield><subfield code="2">idref</subfield></datafield><datafield ind1=" " ind2="7" tag="651"><subfield code="a">Alsazia</subfield><subfield code="x">Guide</subfield><subfield code="2">sbt12</subfield></datafield><datafield ind1=" " ind2="7" tag="655"><subfield code="a">Führer</subfield><subfield code="2">gnd-content</subfield></datafield><datafield ind1=" " ind2="7" tag="655"><subfield code="a">Kunstführer</subfield><subfield code="2">gnd-content</subfield></datafield><datafield ind1=" " ind2="7" tag="655"><subfield code="a">Guides touristiques et de visite</subfield><subfield code="0">(IDREF)027804720</subfield><subfield code="2">idref</subfield></datafield><datafield ind1=" " ind2=" " tag="690"><subfield code="a">Elsass / Kunst / Bauten</subfield><subfield code="2">uzb-Z9</subfield></datafield><datafield ind1=" " ind2=" " tag="690"><subfield code="a">Kunstgeschichte / Einzelne Gebiete und Orte / Europa: Einz.Gebiete und Orte / Frankreich: Einz.Geb.u.Orte / Elsass</subfield><subfield code="2">uzb-Z9</subfield></datafield><datafield ind1=" " ind2=" " tag="690"><subfield code="a">Elsass. Kunstführer</subfield><subfield code="2">uzb-US</subfield></datafield><datafield ind1=" " ind2=" " tag="690"><subfield code="a">Elsass. Kunstdenkmäler</subfield><subfield code="2">uzb-US</subfield></datafield><datafield ind1=" " ind2=" " tag="690"><subfield code="a">Elsass</subfield><subfield code="2">ubs-A5</subfield></datafield><datafield ind1=" " ind2=" " tag="690"><subfield code="a">Elass, B: Museen. Führer</subfield><subfield code="2">rzs-L1</subfield></datafield><datafield ind1=" " ind2=" " tag="690"><subfield code="a">Elass, B: Kunstdenkmäler. Führer</subfield><subfield code="2">rzs-L1</subfield></datafield><datafield ind1=" " ind2=" " tag="690"><subfield code="a">Kunstdenkmäler. Frankreich: Elsass. A. Führer</subfield><subfield code="2">rzs-L1</subfield></datafield><datafield ind1=" " ind2=" " tag="690"><subfield code="a">Museen. Frankreich: Elsass. A. Führer</subfield><subfield code="2">rzs-L1</subfield></datafield><datafield ind1="1" ind2=" " tag="700"><subfield code="a">Wirth, Jean</subfield><subfield code="d">1947-</subfield><subfield code="0">(DE-588)122184599</subfield></datafield><datafield ind1="4" ind2=" " tag="856"><subfield code="3">Inhaltsverzeichnis</subfield><subfield code="u">http://www.ub.unibas.ch/tox/HBZ/HT001120675/PDF</subfield><subfield code="q">pdf</subfield></datafield><datafield ind1=" " ind2=" " tag="830"><subfield code="a">Frankreich</subfield><subfield code="v">2</subfield><subfield code="w">(NEBIS)000684190EBI01</subfield></datafield><datafield ind1=" " ind2=" " tag="830"><subfield code="a">Universal-Bibliothek</subfield><subfield code="v">10297</subfield><subfield code="w">(NEBIS)000059167EBI01</subfield></datafield><datafield ind1=" " ind2=" " tag="830"><subfield code="a">Reclam-Bibliothek</subfield><subfield code="v">10297</subfield><subfield code="w">(SBT)000021232SBT01</subfield></datafield><datafield ind1=" " ind2=" " tag="830"><subfield code="a">Reclams Kunstführer</subfield><subfield code="p">Frankreich</subfield><subfield code="v">2</subfield><subfield code="w">(SBT)000853558SBT01</subfield></datafield><datafield ind1=" " ind2=" " tag="830"><subfield code="a">Universal-Bibliothek</subfield><subfield code="v">10297</subfield><subfield code="w">(RERO)0338365-41slsp</subfield></datafield><datafield ind1=" " ind2=" " tag="900"><subfield code="f">IDSU2medea</subfield></datafield><datafield ind1=" " ind2=" " tag="900"><subfield code="a">REROnoselfmerge</subfield></datafield><datafield ind1=" " ind2=" " tag="949"><subfield code="a">http://www.ub.unibas.ch/tox/HBZ/HT001120675/PDF</subfield></datafield><datafield ind1=" " ind2=" " tag="993"><subfield code="a">BFLA 5057/2</subfield><subfield code="x">ge/ulha/d/85/344</subfield><subfield code="9">LOCAL</subfield></datafield></record>
</metadata></record>