<record><header><identifier>oai:alma.41SLSP_UGE:991000008299705502</identifier><datestamp>2023-03-29T00:15:38Z</datestamp><setSpec>uge_bcen_RapidILL_BOOK</setSpec><setSpec>uge_aaca_RapidILL_BOOK</setSpec><setSpec>uge_abels_RapidILL_BOOK</setSpec><setSpec>uge_dbu_RapidILL_BOOK</setSpec><setSpec>uge_cmu_RapidILL_BOOK</setSpec><setSpec>uge_mail_RapidILL_BOOK</setSpec><setSpec>uge_abbat_RapidILL_BOOK</setSpec><setSpec>UNIGE_ALL</setSpec><setSpec>uge_aobs_RapidILL_BOOK</setSpec><setSpec>uge_acar_RapidILL_BOOK</setSpec></header><metadata>
<record xmlns="http://www.loc.gov/MARC21/slim" xmlns:xsi="http://www.w3.org/2001/XMLSchema-instance" xsi:schemaLocation="http://www.loc.gov/MARC21/slim http://www.loc.gov/standards/marcxml/schema/MARC21slim.xsd"><leader>01081nam a2200313 c 4500</leader><controlfield tag="001">991000008299705502</controlfield><controlfield tag="005">20230328202016.0</controlfield><controlfield tag="008">171215s1985    pl ||||| |||| 00| ||pol d</controlfield><datafield ind1=" " ind2=" " tag="020"><subfield code="a">8323004579</subfield></datafield><datafield ind1=" " ind2=" " tag="020"><subfield code="a">9788323004578</subfield></datafield><datafield ind1=" " ind2=" " tag="035"><subfield code="a">(swissbib)124435084-41slsp_network</subfield></datafield><datafield ind1=" " ind2=" " tag="035"><subfield code="a">124435084</subfield><subfield code="9">ExL</subfield></datafield><datafield ind1=" " ind2=" " tag="035"><subfield code="a">(RERO)R008745048-41slsp</subfield></datafield><datafield ind1=" " ind2=" " tag="035"><subfield code="a">(EXLNZ-41SLSP_NETWORK)991067787189705501</subfield></datafield><datafield ind1=" " ind2=" " tag="040"><subfield code="a">YUS</subfield><subfield code="b">eng</subfield><subfield code="d">CH-ZuSLS</subfield></datafield><datafield ind1=" " ind2="4" tag="050"><subfield code="a">PJ2035</subfield><subfield code="b">.D46 1985</subfield></datafield><datafield ind1=" " ind2="7" tag="072"><subfield code="a">sm</subfield><subfield code="2">rero</subfield></datafield><datafield ind1="1" ind2=" " tag="100"><subfield code="a">Dembska, Albertyna</subfield><subfield code="0">(RERO)A027279170</subfield><subfield code="4">cre</subfield></datafield><datafield ind1="1" ind2="0" tag="245"><subfield code="a">Gramatyka koptyjska</subfield><subfield code="b">skrypt dla studentów II i III roku Instytutu Orientalistycznego</subfield><subfield code="c">Albertyna Dembska</subfield></datafield><datafield ind1=" " ind2="1" tag="264"><subfield code="a">Warszawa</subfield><subfield code="b">Wydawn. Uniwersytetu Warszawskiego</subfield><subfield code="c">1985</subfield></datafield><datafield ind1=" " ind2=" " tag="300"><subfield code="a">112 pages</subfield><subfield code="c">24 cm</subfield></datafield><datafield ind1=" " ind2=" " tag="336"><subfield code="b">txt</subfield><subfield code="2">rdacontent</subfield></datafield><datafield ind1=" " ind2=" " tag="337"><subfield code="b">n</subfield><subfield code="2">rdamedia</subfield></datafield><datafield ind1=" " ind2=" " tag="338"><subfield code="b">nc</subfield><subfield code="2">rdacarrier</subfield></datafield><datafield ind1=" " ind2=" " tag="504"><subfield code="a">Includes bibliographical references (pages 106-107)</subfield></datafield><datafield ind1=" " ind2="0" tag="650"><subfield code="a">Coptic language</subfield><subfield code="x">Grammar</subfield></datafield><datafield ind1=" " ind2="7" tag="650"><subfield code="a">Copte (langue)</subfield><subfield code="0">(IDREF)027490076</subfield><subfield code="2">idref</subfield></datafield><datafield ind1=" " ind2="7" tag="650"><subfield code="a">Grammaire</subfield><subfield code="0">(IDREF)02863165X</subfield><subfield code="2">idref</subfield></datafield><datafield ind1=" " ind2=" " tag="900"><subfield code="a">REROnoselfmerge</subfield></datafield><datafield ind1=" " ind2=" " tag="910"><subfield code="a">OCoLC</subfield><subfield code="b">20171215</subfield><subfield code="c">Droits réservés</subfield></datafield><datafield ind1=" " ind2=" " tag="990"><subfield code="a">fondskasser</subfield><subfield code="9">LOCAL</subfield></datafield></record>
</metadata></record>