<record><header><identifier>oai:alma.41SLSP_UGE:991000008819705502</identifier><datestamp>2023-03-01T01:08:47Z</datestamp><setSpec>uge_bcen_RapidILL_BOOK</setSpec><setSpec>uge_aaca_RapidILL_BOOK</setSpec><setSpec>uge_abels_RapidILL_BOOK</setSpec><setSpec>uge_dbu_RapidILL_BOOK</setSpec><setSpec>uge_cmu_RapidILL_BOOK</setSpec><setSpec>uge_mail_RapidILL_BOOK</setSpec><setSpec>UNIGE_ALL</setSpec><setSpec>uge_abbat_RapidILL_BOOK</setSpec><setSpec>uge_aobs_RapidILL_BOOK</setSpec><setSpec>uge_acar_RapidILL_BOOK</setSpec></header><metadata>
<record xmlns="http://www.loc.gov/MARC21/slim" xmlns:xsi="http://www.w3.org/2001/XMLSchema-instance" xsi:schemaLocation="http://www.loc.gov/MARC21/slim http://www.loc.gov/standards/marcxml/schema/MARC21slim.xsd"><leader>01608nam a2200349 c 4500</leader><controlfield tag="001">991000008819705502</controlfield><controlfield tag="005">20201225181812.0</controlfield><controlfield tag="008">930112r19821856sp ||||| |||| 00| ||spa d</controlfield><datafield ind1=" " ind2=" " tag="020"><subfield code="a">8434603543</subfield><subfield code="q">vol. 1</subfield></datafield><datafield ind1=" " ind2=" " tag="020"><subfield code="a">8434603640</subfield><subfield code="q">vol. 2</subfield></datafield><datafield ind1=" " ind2=" " tag="035"><subfield code="a">(swissbib)087216876-41slsp_network</subfield></datafield><datafield ind1=" " ind2=" " tag="035"><subfield code="a">087216876</subfield><subfield code="9">ExL</subfield></datafield><datafield ind1=" " ind2=" " tag="035"><subfield code="a">(RERO)1627607-41slsp</subfield></datafield><datafield ind1=" " ind2=" " tag="035"><subfield code="a">(EXLNZ-41SLSP_NETWORK)991038779809705501</subfield></datafield><datafield ind1=" " ind2=" " tag="040"><subfield code="a">RERO geules</subfield><subfield code="d">CH-ZuSLS</subfield></datafield><datafield ind1="0" ind2=" " tag="041"><subfield code="a">spa</subfield><subfield code="a">lat</subfield></datafield><datafield ind1=" " ind2="7" tag="072"><subfield code="a">es</subfield><subfield code="2">rero</subfield></datafield><datafield ind1=" " ind2="7" tag="072"><subfield code="a">th</subfield><subfield code="2">rero</subfield></datafield><datafield ind1="1" ind2=" " tag="100"><subfield code="a">Valdés, Juan de</subfield><subfield code="d">?-1541</subfield><subfield code="0">(RERO)A000169652</subfield><subfield code="4">cre</subfield></datafield><datafield ind1="1" ind2="0" tag="245"><subfield code="a">Dos epístolas de San Pablo</subfield><subfield code="c">Juan de Valdés</subfield></datafield><datafield ind1=" " ind2="1" tag="264"><subfield code="a">Barcelona</subfield><subfield code="b">D. Gómez Flores</subfield><subfield code="c">1982</subfield></datafield><datafield ind1=" " ind2=" " tag="300"><subfield code="a">2 vol.</subfield><subfield code="c">17 cm</subfield></datafield><datafield ind1=" " ind2=" " tag="336"><subfield code="b">txt</subfield><subfield code="2">rdacontent</subfield></datafield><datafield ind1=" " ind2=" " tag="337"><subfield code="b">n</subfield><subfield code="2">rdamedia</subfield></datafield><datafield ind1=" " ind2=" " tag="338"><subfield code="b">nc</subfield><subfield code="2">rdacarrier</subfield></datafield><datafield ind1="1" ind2=" " tag="490"><subfield code="a">Reformistas antiguos españoles</subfield><subfield code="v">10</subfield><subfield code="v">11</subfield></datafield><datafield ind1=" " ind2=" " tag="500"><subfield code="a">Titre de l'édition de 1856: La epístola de San Pablo a los Romanos, i la 1. a los Corintios</subfield></datafield><datafield ind1=" " ind2=" " tag="500"><subfield code="a">Vol. 1: Comentario ó declarazion breve i compendiosa sobre la epístola de San Pablo Apóstol á los Romanos. Vol. 2: Comentario o declarazion familiar i compendiosa sobre la primera epístola de San Pablo Apóstol a los Corintios</subfield></datafield><datafield ind1=" " ind2=" " tag="534"><subfield code="p">Reprod. de l'éd. de:</subfield><subfield code="c">Madrid, 1856</subfield></datafield><datafield ind1="1" ind2="2" tag="700"><subfield code="a">Valdés, Juan de</subfield><subfield code="d">?-1541</subfield><subfield code="t">Comentario ó declarazion breve i compendiosa sobre la epístola de San Pablo Apóstol á los romanos</subfield></datafield><datafield ind1="1" ind2="2" tag="700"><subfield code="a">Valdés, Juan de</subfield><subfield code="d">?-1541</subfield><subfield code="t">Comentario o declarazion familiar i compendiosa sobre la primera epístola de San Pablo Apóstol a los Corintios</subfield></datafield><datafield ind1=" " ind2=" " tag="830"><subfield code="a">Reformistas antiguos españoles</subfield><subfield code="v">10,11</subfield><subfield code="w">(RERO)1622363-41slsp</subfield></datafield><datafield ind1=" " ind2=" " tag="900"><subfield code="a">REROnoselfmerge</subfield></datafield><datafield ind1=" " ind2=" " tag="993"><subfield code="a">BFLA 59965/10-11</subfield><subfield code="x">ge/ules/d/92/595/9-10</subfield><subfield code="9">LOCAL</subfield></datafield></record>
</metadata></record>