<record><header><identifier>oai:alma.41SLSP_UGE:991000035659705502</identifier><datestamp>2024-04-05T00:24:03Z</datestamp><setSpec>uge_bcen_RapidILL_BOOK</setSpec><setSpec>uge_aaca_RapidILL_BOOK</setSpec><setSpec>uge_abels_RapidILL_BOOK</setSpec><setSpec>uge_dbu_RapidILL_BOOK</setSpec><setSpec>uge_cmu_RapidILL_BOOK</setSpec><setSpec>uge_mail_RapidILL_BOOK</setSpec><setSpec>uge_abbat_RapidILL_BOOK</setSpec><setSpec>UNIGE_ALL</setSpec><setSpec>uge_acar_RapidILL_BOOK</setSpec><setSpec>uge_aobs_RapidILL_BOOK</setSpec></header><metadata>
<record xmlns="http://www.loc.gov/MARC21/slim" xmlns:xsi="http://www.w3.org/2001/XMLSchema-instance" xsi:schemaLocation="http://www.loc.gov/MARC21/slim http://www.loc.gov/standards/marcxml/schema/MARC21slim.xsd"><leader>02403nam a2200661 c 4500</leader><controlfield tag="001">991000035659705502</controlfield><controlfield tag="005">20230227193332.0</controlfield><controlfield tag="008">201011s2001    sw ||||| |||| 00| ||eng d</controlfield><datafield ind1=" " ind2=" " tag="020"><subfield code="a">9122019456</subfield></datafield><datafield ind1=" " ind2=" " tag="035"><subfield code="a">(swissbib)228018390-41slsp_network</subfield></datafield><datafield ind1=" " ind2=" " tag="035"><subfield code="a">228018390</subfield><subfield code="9">ExL</subfield></datafield><datafield ind1=" " ind2=" " tag="035"><subfield code="a">(RERO)R003174205-41slsp</subfield></datafield><datafield ind1=" " ind2=" " tag="035"><subfield code="a">(IDSBB)002697041DSV01</subfield></datafield><datafield ind1=" " ind2=" " tag="035"><subfield code="a">(NEBIS)005107209EBI01</subfield></datafield><datafield ind1=" " ind2=" " tag="035"><subfield code="a">(EXLNZ-41SLSP_NETWORK)991080665319705501</subfield></datafield><datafield ind1=" " ind2=" " tag="040"><subfield code="a">RERO geuth-</subfield><subfield code="d">CH-ZuSLS</subfield></datafield><datafield ind1=" " ind2="7" tag="072"><subfield code="a">th</subfield><subfield code="2">rero</subfield></datafield><datafield ind1=" " ind2="7" tag="072"><subfield code="a">ph</subfield><subfield code="2">SzZuIDS BS/BE</subfield></datafield><datafield ind1=" " ind2="7" tag="072"><subfield code="a">ag</subfield><subfield code="2">SzZuIDS BS/BE</subfield></datafield><datafield ind1="0" ind2="4" tag="082"><subfield code="a">291.23</subfield></datafield><datafield ind1="1" ind2="4" tag="082"><subfield code="a">236</subfield><subfield code="2">22</subfield></datafield><datafield ind1="1" ind2="4" tag="082"><subfield code="a">930</subfield><subfield code="2">15</subfield></datafield><datafield ind1=" " ind2=" " tag="084"><subfield code="a">BC 7500</subfield><subfield code="2">rvk</subfield></datafield><datafield ind1="1" ind2=" " tag="100"><subfield code="a">Mettinger, Tryggve N. D.</subfield><subfield code="d">1940-2023</subfield><subfield code="0">(DE-588)14394021X</subfield><subfield code="6">880-01</subfield></datafield><datafield ind1="1" ind2=" " tag="880"><subfield code="6">100-01</subfield><subfield code="a">Mettinger, Tryggve N. D</subfield><subfield code="d">1940-....</subfield><subfield code="0">(IDREF)030407923</subfield><subfield code="4">cre</subfield></datafield><datafield ind1="1" ind2="0" tag="245"><subfield code="a">&lt;&lt;The&gt;&gt; riddle of resurrection</subfield><subfield code="b">&quot;dying and rising gods&quot; in the Ancient Near East</subfield><subfield code="c">Tryggve N.D. Mettinger</subfield></datafield><datafield ind1=" " ind2="1" tag="264"><subfield code="a">Stockholm</subfield><subfield code="b">Almqvist &amp; Wiksell International</subfield><subfield code="c">2001</subfield></datafield><datafield ind1=" " ind2=" " tag="300"><subfield code="a">275 p.</subfield><subfield code="c">24 cm</subfield></datafield><datafield ind1=" " ind2=" " tag="336"><subfield code="b">txt</subfield><subfield code="2">rdacontent</subfield></datafield><datafield ind1=" " ind2=" " tag="337"><subfield code="b">n</subfield><subfield code="2">rdamedia</subfield></datafield><datafield ind1=" " ind2=" " tag="338"><subfield code="b">nc</subfield><subfield code="2">rdacarrier</subfield></datafield><datafield ind1="1" ind2=" " tag="490"><subfield code="a">Coniectanea biblica. Old Testament series</subfield><subfield code="v">50</subfield></datafield><datafield ind1="0" ind2="0" tag="600"><subfield code="a">Osiris</subfield><subfield code="c">Egyptian deity</subfield></datafield><datafield ind1=" " ind2="7" tag="650"><subfield code="a">Dieu</subfield><subfield code="0">(IDREF)027790428</subfield><subfield code="2">idref</subfield></datafield><datafield ind1=" " ind2="7" tag="650"><subfield code="a">Résurrection</subfield><subfield code="0">(IDREF)027462250</subfield><subfield code="2">idref</subfield></datafield><datafield ind1=" " ind2="7" tag="650"><subfield code="a">Antiquité</subfield><subfield code="0">(IDREF)027789888</subfield><subfield code="2">idref</subfield></datafield><datafield ind1=" " ind2="7" tag="650"><subfield code="a">Götter</subfield><subfield code="z">Orient (alter)</subfield><subfield code="2">idsbb</subfield></datafield><datafield ind1=" " ind2="7" tag="650"><subfield code="a">Religion</subfield><subfield code="z">Orient (alter)</subfield><subfield code="2">idsbb</subfield></datafield><datafield ind1=" " ind2="7" tag="650"><subfield code="a">Auferstehung</subfield><subfield code="2">idszbz</subfield></datafield><datafield ind1=" " ind2="7" tag="650"><subfield code="a">Götter</subfield><subfield code="2">idszbz</subfield></datafield><datafield ind1=" " ind2="7" tag="650"><subfield code="a">Religion</subfield><subfield code="2">idszbz</subfield></datafield><datafield ind1=" " ind2="7" tag="650"><subfield code="a">Tod</subfield><subfield code="2">idszbz</subfield></datafield><datafield ind1=" " ind2="7" tag="650"><subfield code="a">Auferstehung</subfield><subfield code="0">(DE-588)4003509-8</subfield><subfield code="2">gnd</subfield></datafield><datafield ind1=" " ind2="7" tag="650"><subfield code="a">Götter</subfield><subfield code="0">(DE-588)4021469-2</subfield><subfield code="2">gnd</subfield></datafield><datafield ind1=" " ind2="0" tag="650"><subfield code="a">Assyro-Babylonian religion</subfield></datafield><datafield ind1=" " ind2="0" tag="650"><subfield code="a">Baal (Canaanite deity)</subfield></datafield><datafield ind1=" " ind2="0" tag="650"><subfield code="a">Gudar</subfield><subfield code="z">Mellanöstern</subfield><subfield code="y">forntiden</subfield></datafield><datafield ind1=" " ind2="0" tag="650"><subfield code="a">Phoenicians</subfield><subfield code="x">Religion</subfield></datafield><datafield ind1=" " ind2="0" tag="650"><subfield code="a">Resurrection</subfield></datafield><datafield ind1=" " ind2="7" tag="651"><subfield code="a">Moyen-Orient</subfield><subfield code="0">(IDREF)027356108</subfield><subfield code="2">idref</subfield></datafield><datafield ind1=" " ind2="7" tag="651"><subfield code="a">Alter Orient</subfield><subfield code="2">idszbz</subfield></datafield><datafield ind1=" " ind2="7" tag="651"><subfield code="a">Alter Orient</subfield><subfield code="0">(DE-588)4001451-4</subfield><subfield code="2">gnd</subfield></datafield><datafield ind1=" " ind2="0" tag="651"><subfield code="a">Egypt</subfield><subfield code="x">Religion</subfield></datafield><datafield ind1=" " ind2=" " tag="830"><subfield code="a">Coniectanea biblica</subfield><subfield code="p">Old Testament series</subfield><subfield code="v">50</subfield><subfield code="w">(NEBIS)000987160EBI01</subfield></datafield><datafield ind1=" " ind2=" " tag="830"><subfield code="a">Coniectanea biblica</subfield><subfield code="p">Old Testament series</subfield><subfield code="v">50</subfield><subfield code="w">(IDSBB)000020346DSV01</subfield></datafield><datafield ind1=" " ind2=" " tag="830"><subfield code="a">Coniectanea Biblica</subfield><subfield code="p">Old Testament series</subfield><subfield code="v">50</subfield><subfield code="w">(RERO)0002062-41slsp</subfield></datafield><datafield ind1=" " ind2=" " tag="900"><subfield code="a">REROnoselfmerge</subfield></datafield><datafield ind1=" " ind2=" " tag="900"><subfield code="a">IDSZ2zbzmon200601i</subfield><subfield code="c">IDSZ2emme</subfield><subfield code="d">IDSZ2zbzswk200602b</subfield><subfield code="e">IDSZ2haag</subfield></datafield><datafield ind1=" " ind2=" " tag="900"><subfield code="f">IDSU2medea</subfield></datafield></record>
</metadata></record>