<record><header><identifier>oai:alma.41SLSP_UGE:991000035449705502</identifier><datestamp>2024-03-09T01:37:55Z</datestamp><setSpec>uge_bcen_RapidILL_BOOK</setSpec><setSpec>uge_aaca_RapidILL_BOOK</setSpec><setSpec>uge_abels_RapidILL_BOOK</setSpec><setSpec>uge_dbu_RapidILL_BOOK</setSpec><setSpec>uge_cmu_RapidILL_BOOK</setSpec><setSpec>uge_mail_RapidILL_BOOK</setSpec><setSpec>uge_abbat_RapidILL_BOOK</setSpec><setSpec>UNIGE_ALL</setSpec><setSpec>uge_aobs_RapidILL_BOOK</setSpec><setSpec>uge_acar_RapidILL_BOOK</setSpec></header><metadata>
<record xmlns="http://www.loc.gov/MARC21/slim" xmlns:xsi="http://www.w3.org/2001/XMLSchema-instance" xsi:schemaLocation="http://www.loc.gov/MARC21/slim http://www.loc.gov/standards/marcxml/schema/MARC21slim.xsd"><leader>03150nam a2200865 c 4500</leader><controlfield tag="001">991000035449705502</controlfield><controlfield tag="005">20240308061021.0</controlfield><controlfield tag="008">201011s1998    sz ||||| |||| 00| ||ger d</controlfield><datafield ind1=" " ind2=" " tag="020"><subfield code="a">3856160841</subfield><subfield code="c">Fr. 32.-</subfield></datafield><datafield ind1=" " ind2=" " tag="035"><subfield code="a">(swissbib)218238827-41slsp_network</subfield></datafield><datafield ind1=" " ind2=" " tag="035"><subfield code="a">218238827</subfield><subfield code="9">ExL</subfield></datafield><datafield ind1=" " ind2=" " tag="035"><subfield code="a">(RERO)R234755960-41slsp</subfield></datafield><datafield ind1=" " ind2=" " tag="035"><subfield code="a">(IDSBB)001515500DSV01</subfield></datafield><datafield ind1=" " ind2=" " tag="035"><subfield code="a">(IDSSG)000165168HSB01</subfield></datafield><datafield ind1=" " ind2=" " tag="035"><subfield code="a">(NEBIS)001913334EBI01</subfield></datafield><datafield ind1=" " ind2=" " tag="035"><subfield code="a">(IDSLU)000123099ILU01</subfield></datafield><datafield ind1=" " ind2=" " tag="035"><subfield code="a">(ABN)000092872ABN01</subfield></datafield><datafield ind1=" " ind2=" " tag="035"><subfield code="a">(ALEX)bv80012639</subfield></datafield><datafield ind1=" " ind2=" " tag="035"><subfield code="a">(EXLNZ-41SLSP_NETWORK)991110714439705501</subfield></datafield><datafield ind1=" " ind2=" " tag="040"><subfield code="a">RERO frbcuc</subfield><subfield code="d">CH-ZuSLS</subfield></datafield><datafield ind1=" " ind2=" " tag="044"><subfield code="a">sz</subfield><subfield code="c">ch-bs</subfield></datafield><datafield ind1=" " ind2="7" tag="072"><subfield code="a">ht</subfield><subfield code="2">rero</subfield></datafield><datafield ind1=" " ind2="7" tag="072"><subfield code="a">sg</subfield><subfield code="2">SzZuIDS BS/BE</subfield></datafield><datafield ind1=" " ind2="7" tag="072"><subfield code="a">po</subfield><subfield code="2">SzZuIDS BS/BE</subfield></datafield><datafield ind1=" " ind2="7" tag="072"><subfield code="a">660</subfield><subfield code="2">IDS LU</subfield></datafield><datafield ind1="0" ind2="0" tag="082"><subfield code="a">949.4/062</subfield><subfield code="2">21</subfield></datafield><datafield ind1="0" ind2="4" tag="082"><subfield code="a">949.4</subfield></datafield><datafield ind1="0" ind2="4" tag="082"><subfield code="a">949.406</subfield></datafield><datafield ind1="1" ind2="4" tag="082"><subfield code="a">320</subfield><subfield code="2">15</subfield></datafield><datafield ind1="1" ind2="4" tag="082"><subfield code="a">949.4</subfield><subfield code="2">15</subfield></datafield><datafield ind1=" " ind2=" " tag="084"><subfield code="a">CA/CH 32.0 h</subfield><subfield code="2">cjurrom</subfield></datafield><datafield ind1=" " ind2=" " tag="084"><subfield code="a">NO 7630</subfield><subfield code="2">rvk</subfield></datafield><datafield ind1="1" ind2=" " tag="100"><subfield code="a">Kutter, Markus</subfield><subfield code="d">1925-2005</subfield><subfield code="6">880-01</subfield><subfield code="0">(DE-588)116628367</subfield></datafield><datafield ind1="1" ind2=" " tag="880"><subfield code="6">100-01</subfield><subfield code="a">Kutter, Markus</subfield><subfield code="d">1925-2005</subfield><subfield code="0">(IDREF)067044743</subfield><subfield code="4">cre</subfield></datafield><datafield ind1="1" ind2="0" tag="245"><subfield code="a">Jetzt wird die Schweiz ein Bundesstaat</subfield><subfield code="b">von den Revolutionen der 1830er Jahre zur ersten Bundesverfassung (1830-1848)</subfield><subfield code="c">Markus Kutter</subfield></datafield><datafield ind1=" " ind2="1" tag="264"><subfield code="a">Basel</subfield><subfield code="b">Ch. Merian</subfield><subfield code="c">1998</subfield></datafield><datafield ind1=" " ind2=" " tag="300"><subfield code="a">186 S.</subfield><subfield code="b">Portr.</subfield><subfield code="c">22 cm</subfield></datafield><datafield ind1=" " ind2=" " tag="336"><subfield code="b">txt</subfield><subfield code="2">rdacontent</subfield></datafield><datafield ind1=" " ind2=" " tag="337"><subfield code="b">n</subfield><subfield code="2">rdamedia</subfield></datafield><datafield ind1=" " ind2=" " tag="338"><subfield code="b">nc</subfield><subfield code="2">rdacarrier</subfield></datafield><datafield ind1="1" ind2=" " tag="490"><subfield code="a">Der modernen Schweiz entgegen / Markus Kutter</subfield><subfield code="v">Bd. 4</subfield></datafield><datafield ind1=" " ind2=" " tag="500"><subfield code="a">Personenregister</subfield></datafield><datafield ind1=" " ind2="7" tag="648"><subfield code="a">Geschichte 1830-1848</subfield><subfield code="2">gnd</subfield></datafield><datafield ind1=" " ind2="7" tag="648"><subfield code="a">Geschichte 1800-1850</subfield><subfield code="2">idszbz</subfield></datafield><datafield ind1=" " ind2="7" tag="648"><subfield code="a">Geschichte 1830-1848</subfield><subfield code="2">idszbz</subfield></datafield><datafield ind1=" " ind2="7" tag="650"><subfield code="a">1830-1848</subfield><subfield code="2">rero</subfield></datafield><datafield ind1=" " ind2="7" tag="650"><subfield code="a">Bundesstaat</subfield><subfield code="z">Schweiz</subfield><subfield code="x">Vorgeschichte</subfield><subfield code="2">idsbb</subfield></datafield><datafield ind1=" " ind2="7" tag="650"><subfield code="a">Bundesstaat</subfield><subfield code="0">(DE-588)4009006-1</subfield><subfield code="2">gnd</subfield></datafield><datafield ind1=" " ind2="7" tag="650"><subfield code="a">Geschichtsschreibung</subfield><subfield code="0">(DE-588)4020531-9</subfield><subfield code="2">gnd</subfield></datafield><datafield ind1=" " ind2="7" tag="650"><subfield code="a">GESCHICHTE</subfield><subfield code="9">ger</subfield><subfield code="0">(ETHUDK)000036805</subfield><subfield code="2">ethudk</subfield></datafield><datafield ind1=" " ind2="7" tag="650"><subfield code="a">SCHWEIZ (MITTELEUROPA). SCHWEIZERISCHE EIDGENOSSENSCHAFT</subfield><subfield code="9">ger</subfield><subfield code="0">(ETHUDK)000004571</subfield><subfield code="2">ethudk</subfield></datafield><datafield ind1=" " ind2="7" tag="650"><subfield code="a">&quot;1830/1848&quot;</subfield><subfield code="2">ethudk</subfield></datafield><datafield ind1=" " ind2="7" tag="651"><subfield code="a">Suisse</subfield><subfield code="0">(IDREF)027249654</subfield><subfield code="2">idref</subfield></datafield><datafield ind1=" " ind2="7" tag="651"><subfield code="a">Schweiz</subfield><subfield code="y">Geschichte 19. Jh</subfield><subfield code="2">idsbb</subfield></datafield><datafield ind1=" " ind2="7" tag="651"><subfield code="a">Schweiz</subfield><subfield code="x">Politik</subfield><subfield code="y">Geschichte 19. Jh</subfield><subfield code="2">idsbb</subfield></datafield><datafield ind1=" " ind2="7" tag="651"><subfield code="a">Schweiz</subfield><subfield code="2">idszbz</subfield></datafield><datafield ind1=" " ind2="7" tag="651"><subfield code="a">Schweiz</subfield><subfield code="0">(DE-588)4053881-3</subfield><subfield code="2">gnd</subfield></datafield><datafield ind1=" " ind2="0" tag="651"><subfield code="a">Switzerland</subfield><subfield code="x">History</subfield></datafield><datafield ind1=" " ind2="0" tag="651"><subfield code="a">Switzerland</subfield><subfield code="x">History</subfield><subfield code="y">1830-1848</subfield></datafield><datafield ind1=" " ind2=" " tag="690"><subfield code="a">Regeneration Schweiz</subfield><subfield code="2">bsb-BB</subfield></datafield><datafield ind1=" " ind2=" " tag="690"><subfield code="a">Bundesverfassung Schweiz</subfield><subfield code="2">bsb-BB</subfield></datafield><datafield ind1=" " ind2=" " tag="690"><subfield code="a">Schweiz : Geschichte : 1830-1848</subfield><subfield code="2">zbs-FS</subfield></datafield><datafield ind1=" " ind2=" " tag="690"><subfield code="a">Schweiz</subfield><subfield code="2">fhnw-E8</subfield></datafield><datafield ind1=" " ind2=" " tag="690"><subfield code="a">Geschichte 1800-1900</subfield><subfield code="2">fhnw-E8</subfield></datafield><datafield ind1=" " ind2=" " tag="690"><subfield code="a">Verfassung</subfield><subfield code="2">fhnw-E8</subfield></datafield><datafield ind1=" " ind2=" " tag="690"><subfield code="a">Bundesstaat</subfield><subfield code="2">fhnw-E8</subfield></datafield><datafield ind1=" " ind2=" " tag="690"><subfield code="a">Bundesstaat</subfield><subfield code="2">rzh-UA</subfield></datafield><datafield ind1=" " ind2=" " tag="690"><subfield code="a">Schweiz : Geschichte 1830-1848</subfield><subfield code="2">uzb-UL</subfield></datafield><datafield ind1=" " ind2=" " tag="690"><subfield code="a">Schweiz. Geschichte. N.Z. 19. Jh. 1830/1848. A.D.</subfield><subfield code="2">rzs-L1</subfield></datafield><datafield ind1=" " ind2=" " tag="690"><subfield code="a">Schweiz. Geschichte. 19. Jh.</subfield><subfield code="2">rzs-L2</subfield></datafield><datafield ind1="1" ind2=" " tag="800"><subfield code="a">Kutter, Markus</subfield><subfield code="d">1925-2005</subfield><subfield code="t">&lt;&lt;Der&gt;&gt; modernen Schweiz entgegen</subfield><subfield code="v">4</subfield><subfield code="w">(IDSLU)000101310ILU01</subfield></datafield><datafield ind1="1" ind2=" " tag="800"><subfield code="a">Kutter, Markus</subfield><subfield code="t">Der modernen Schweiz entgegen</subfield><subfield code="v">4</subfield><subfield code="w">(ALEX)bv80027307</subfield></datafield><datafield ind1=" " ind2=" " tag="900"><subfield code="a">REROnoselfmerge</subfield></datafield><datafield ind1=" " ind2=" " tag="900"><subfield code="a">IDSE8949.44</subfield></datafield><datafield ind1=" " ind2=" " tag="900"><subfield code="f">IDSU2medea</subfield></datafield><datafield ind1=" " ind2=" " tag="900"><subfield code="a">Stoppsignal FRED</subfield><subfield code="x">UBE/B404/202203</subfield></datafield></record>
</metadata></record><resumptionToken>1900-01-01@all@UNIGE_ALL@marc21@5986444120005502</resumptionToken></ListRecords></OAI-PMH>